<?xml version="1.0" encoding="UTF-8"?>
<!DOCTYPE html PUBLIC "-//W3C//DTD XHTML 1.0 Transitional//EN"
    "http://www.w3.org/TR/xhtml1/DTD/xhtml1-transitional.dtd">
<html xmlns="http://www.w3.org/1999/xhtml" xml:lang="en" lang="en">
 <head>
  <title>
</title>
<meta http-equiv="Content-Type" content="text/html;charset=utf-8" />
  <meta name='ocr-system' content='tesseract 3.04.00' />
  <meta name='ocr-capabilities' content='ocr_page ocr_carea ocr_par ocr_line ocrx_word'/>
</head>
<body>
  <div class='ocr_page' id='page_1' title='image "./dinarchioration00dinagoog_0012.png"; bbox 0 0 2324 4410; ppageno 0'>
   <div class='ocr_carea' id='block_1_1' title="bbox 150 209 1093 279">
    <p class='ocr_par' dir='ltr' id='par_1_1' title="bbox 150 209 1093 279">
     <span class='ocr_line' id='line_1_1' title="bbox 150 209 1093 279; baseline -0.002 0"><span class='ocrx_word' id='word_1_1' title='bbox 150 224 203 279; x_wconf 87' lang='lat' dir='ltr'><strong>Vlll</strong></span> <span class='ocrx_word' id='word_1_2' title='bbox 332 225 460 278; x_wconf 85' lang='lat' dir='ltr'><strong>CAUSAD</strong></span> <span class='ocrx_word' id='word_1_3' title='bbox 478 224 681 278; x_wconf 83' lang='lat' dir='ltr'><strong>llARPALlGAE</strong></span> <span class='ocrx_word' id='word_1_4' title='bbox 699 224 888 278; x_wconf 77' lang='lat' dir='ltr'>DESCRIPTIO</span> <span class='ocrx_word' id='word_1_5' title='bbox 906 223 1033 277; x_wconf 81' lang='lat' dir='ltr'><strong>Bnuvrs.</strong></span> <span class='ocrx_word' id='word_1_6' title='bbox 1091 209 1093 214; x_wconf 37' lang='lat'>¹</span> 
     </span>
    </p>
   </div>
   <div class='ocr_carea' id='block_1_2' title="bbox 148 399 1162 891">
    <p class='ocr_par' dir='ltr' id='par_1_2' title="bbox 149 399 1162 685">
     <span class='ocr_line' id='line_1_2' title="bbox 149 399 1162 479; baseline 0 -19"><span class='ocrx_word' id='word_1_7' title='bbox 149 399 316 476; x_wconf 84' lang='lat' dir='ltr'><strong>lhihrone,</strong></span> <span class='ocrx_word' id='word_1_8' title='bbox 344 401 595 462; x_wconf 79' lang='lat' dir='ltr'><strong>mercenariorum</strong></span> <span class='ocrx_word' id='word_1_9' title='bbox 617 402 708 475; x_wconf 87' lang='lat' dir='ltr'><strong>duco,</strong></span> <span class='ocrx_word' id='word_1_10' title='bbox 730 401 903 463; x_wconf 85' lang='lat' dir='ltr'><strong>interfectus</strong></span> <span class='ocrx_word' id='word_1_11' title='bbox 924 409 982 476; x_wconf 89' lang='lat' dir='ltr'><strong>est;</strong></span> <span class='ocrx_word' id='word_1_12' title='bbox 1015 408 1102 479; x_wconf 91' lang='lat' dir='ltr'><strong>atque</strong></span> <span class='ocrx_word' id='word_1_13' title='bbox 1123 418 1162 479; x_wconf 82' lang='lat' dir='ltr'><strong>p·-</strong></span> 
     </span>
     <span class='ocr_line' id='line_1_3' title="bbox 149 495 1162 583; baseline -0.003 -19"><span class='ocrx_word' id='word_1_14' title='bbox 149 503 231 578; x_wconf 89' lang='lat' dir='ltr'><strong>niae,</strong></span> <span class='ocrx_word' id='word_1_15' title='bbox 258 520 325 564; x_wconf 87' lang='lat' dir='ltr'><strong>oum</strong></span> <span class='ocrx_word' id='word_1_16' title='bbox 347 502 491 581; x_wconf 83' lang='lat' dir='ltr'><strong>Harpalus</strong></span> <span class='ocrx_word' id='word_1_17' title='bbox 512 503 622 563; x_wconf 90' lang='lat' dir='ltr'><strong>talenta</strong></span> <span class='ocrx_word' id='word_1_18' title='bbox 644 502 831 583; x_wconf 80' lang='lat' dir='ltr'><strong>septingenta</strong></span> <span class='ocrx_word' id='word_1_19' title='bbox 854 522 886 564; x_wconf 89' lang='lat' dir='ltr'><strong>se</strong></span> <span class='ocrx_word' id='word_1_20' title='bbox 907 503 1037 564; x_wconf 89' lang='lat' dir='ltr'><strong>attulisse</strong></span> <span class='ocrx_word' id='word_1_21' title='bbox 1062 495 1162 582; x_wconf 88' lang='lat' dir='ltr'><strong>prole·</strong></span> 
     </span>
     <span class='ocr_line' id='line_1_4' title="bbox 149 604 1117 685; baseline -0.003 -17"><span class='ocrx_word' id='word_1_22' title='bbox 149 615 239 681; x_wconf 89' lang='lat' dir='ltr'><strong>esset,</strong></span> <span class='ocrx_word' id='word_1_23' title='bbox 265 624 333 685; x_wconf 91' lang='lat' dir='ltr'><strong>pars</strong></span> <span class='ocrx_word' id='word_1_24' title='bbox 355 604 473 666; x_wconf 92' lang='lat' dir='ltr'><strong>dimidia</strong></span> <span class='ocrx_word' id='word_1_25' title='bbox 494 606 557 667; x_wconf 86' lang='lat' dir='ltr'><strong>lere</strong></span> <span class='ocrx_word' id='word_1_26' title='bbox 581 606 612 665; x_wconf 94' lang='lat' dir='ltr'><strong>in</strong></span> <span class='ocrx_word' id='word_1_27' title='bbox 634 623 702 666; x_wconf 88' lang='lat' dir='ltr'><strong>arce</strong></span> <span class='ocrx_word' id='word_1_28' title='bbox 724 605 857 685; x_wconf 90' lang='lat' dir='ltr'><strong>deposita</strong></span> <span class='ocrx_word' id='word_1_29' title='bbox 879 615 936 681; x_wconf 89' lang='lat' dir='ltr'><strong>est,</strong></span> <span class='ocrx_word' id='word_1_30' title='bbox 958 605 1117 685; x_wconf 90' lang='lat' dir='ltr'><strong>reliquam,</strong></span> 
     </span>
    </p>

    <p class='ocr_par' dir='ltr' id='par_1_3' title="bbox 148 707 1161 891">
     <span class='ocr_line' id='line_1_5' title="bbox 149 707 1161 789; baseline 0 -21"><span class='ocrx_word' id='word_1_31' title='bbox 149 709 257 783; x_wconf 89' lang='lat' dir='ltr'><strong>deerat,</strong></span> <span class='ocrx_word' id='word_1_32' title='bbox 279 707 497 787; x_wconf 88' lang='lat' dir='ltr'><strong>magistratibus</strong></span> <span class='ocrx_word' id='word_1_33' title='bbox 518 708 690 787; x_wconf 85' lang='lat' dir='ltr'>civibusque</span> <span class='ocrx_word' id='word_1_34' title='bbox 704 708 781 789; x_wconf 91' lang='lat' dir='ltr'><strong>apud</strong></span> <span class='ocrx_word' id='word_1_35' title='bbox 796 708 913 788; x_wconf 81' lang='lat' dir='ltr'>plebem</span> <span class='ocrx_word' id='word_1_36' title='bbox 928 707 1101 789; x_wconf 89' lang='lat' dir='ltr'><strong>potentibus</strong></span> <span class='ocrx_word' id='word_1_37' title='bbox 1116 707 1161 768; x_wconf 87' lang='lat' dir='ltr'><strong>d‘</strong></span> 
     </span>
     <span class='ocr_line' id='line_1_6' title="bbox 148 809 1158 891; baseline -0.002 -19"><span class='ocrx_word' id='word_1_38' title='bbox 148 811 248 872; x_wconf 91' lang='lat' dir='ltr'><strong>butam</strong></span> <span class='ocrx_word' id='word_1_39' title='bbox 270 829 333 873; x_wconf 88' lang='lat' dir='ltr'><strong>esse</strong></span> <span class='ocrx_word' id='word_1_40' title='bbox 356 811 484 891; x_wconf 90' lang='lat' dir='ltr'><strong>suspicio</strong></span> <span class='ocrx_word' id='word_1_41' title='bbox 500 819 571 872; x_wconf 89' lang='lat' dir='ltr'><strong>erat.</strong></span> <span class='ocrx_word' id='word_1_42' title='bbox 608 810 669 872; x_wconf 91' lang='lat' dir='ltr'><strong>lam</strong></span> <span class='ocrx_word' id='word_1_43' title='bbox 685 811 823 891; x_wconf 89' lang='lat' dir='ltr'><strong>populus,</strong></span> <span class='ocrx_word' id='word_1_44' title='bbox 847 812 927 891; x_wconf 94' lang='lat' dir='ltr'><strong>quod</strong></span> <span class='ocrx_word' id='word_1_45' title='bbox 948 820 1044 874; x_wconf 90' lang='lat' dir='ltr'><strong>metus</strong></span> <span class='ocrx_word' id='word_1_46' title='bbox 1062 809 1158 872; x_wconf 89' lang='lat' dir='ltr'><strong>incid·</strong></span> 
     </span>
    </p>
   </div>
   <div class='ocr_carea' id='block_1_3' title="bbox 147 913 1162 1714">
    <p class='ocr_par' dir='ltr' id='par_1_4' title="bbox 147 913 1162 1714">
     <span class='ocr_line' id='line_1_7' title="bbox 149 913 1162 976; baseline 0 -2"><span class='ocrx_word' id='word_1_47' title='bbox 149 933 187 974; x_wconf 91' lang='lat' dir='ltr'><strong>ne</strong></span> <span class='ocrx_word' id='word_1_48' title='bbox 209 933 260 975; x_wconf 83' lang='lat' dir='ltr'><strong>rex</strong></span> <span class='ocrx_word' id='word_1_49' title='bbox 282 914 372 976; x_wconf 90' lang='lat' dir='ltr'><strong>totius</strong></span> <span class='ocrx_word' id='word_1_50' title='bbox 394 932 525 975; x_wconf 89' lang='lat' dir='ltr'><strong>summae</strong></span> <span class='ocrx_word' id='word_1_51' title='bbox 547 914 678 976; x_wconf 89' lang='lat' dir='ltr'><strong>rationes</strong></span> <span class='ocrx_word' id='word_1_52' title='bbox 699 913 735 975; x_wconf 87' lang='lat' dir='ltr'><strong>ah</strong></span> <span class='ocrx_word' id='word_1_53' title='bbox 752 914 976 976; x_wconf 76' lang='lat' dir='ltr'><strong>Atheniensium</strong></span> <span class='ocrx_word' id='word_1_54' title='bbox 991 915 1107 976; x_wconf 87' lang='lat' dir='ltr'><strong>civitate</strong></span> <span class='ocrx_word' id='word_1_55' title='bbox 1130 932 1162 974; x_wconf 86' lang='lat' dir='ltr'><strong>r·-</strong></span> 
     </span>
     <span class='ocr_line' id='line_1_8' title="bbox 149 1017 1157 1099; baseline 0 -22"><span class='ocrx_word' id='word_1_56' title='bbox 149 1027 234 1091; x_wconf 89' lang='lat' dir='ltr'><strong>teret,</strong></span> <span class='ocrx_word' id='word_1_57' title='bbox 256 1017 385 1097; x_wconf 88' lang='lat' dir='ltr'><strong>primurn</strong></span> <span class='ocrx_word' id='word_1_58' title='bbox 407 1017 544 1091; x_wconf 87' lang='lat' dir='ltr'><strong>decrevit,</strong></span> <span class='ocrx_word' id='word_1_59' title='bbox 566 1018 672 1096; x_wconf 91' lang='lat' dir='ltr'><strong>utqui</strong></span> <span class='ocrx_word' id='word_1_60' title='bbox 695 1017 851 1096; x_wconf 89' lang='lat' dir='ltr'><strong>pecuniam</strong></span> <span class='ocrx_word' id='word_1_61' title='bbox 867 1017 903 1078; x_wconf 96' lang='lat' dir='ltr'><strong>ah</strong></span> <span class='ocrx_word' id='word_1_62' title='bbox 920 1017 1047 1099; x_wconf 89' lang='lat' dir='ltr'><strong>Harpalo</strong></span> <span class='ocrx_word' id='word_1_63' title='bbox 1064 1034 1157 1096; x_wconf 83' lang='lat' dir='ltr'><strong>accep</strong></span> 
     </span>
     <span class='ocr_line' id='line_1_9' title="bbox 147 1117 1160 1199; baseline 0.001 -21"><span class='ocrx_word' id='word_1_64' title='bbox 147 1117 266 1197; x_wconf 90' lang='lat' dir='ltr'><strong>publice</strong></span> <span class='ocrx_word' id='word_1_65' title='bbox 298 1118 487 1180; x_wconf 85' lang='lat' dir='ltr'><strong>tradidissent</strong></span> <span class='ocrx_word' id='word_1_66' title='bbox 520 1137 617 1198; x_wconf 89' lang='lat' dir='ltr'><strong>poena</strong></span> <span class='ocrx_word' id='word_1_67' title='bbox 639 1119 849 1193; x_wconf 87' lang='lat' dir='ltr'><strong>liberarentur,</strong></span> <span class='ocrx_word' id='word_1_68' title='bbox 878 1127 954 1192; x_wconf 87' lang='lat' dir='ltr'><strong>tum,</strong></span> <span class='ocrx_word' id='word_1_69' title='bbox 984 1138 1052 1180; x_wconf 90' lang='lat' dir='ltr'><strong>cum</strong></span> <span class='ocrx_word' id='word_1_70' title='bbox 1074 1119 1160 1199; x_wconf 86' lang='lat' dir='ltr'><strong>plera</strong></span> 
     </span>
     <span class='ocr_line' id='line_1_10' title="bbox 147 1217 1157 1307; baseline 0.002 -29"><span class='ocrx_word' id='word_1_71' title='bbox 147 1217 288 1307; x_wconf 87' lang='lat' dir='ltr'><strong>laterent,</strong></span> <span class='ocrx_word' id='word_1_72' title='bbox 319 1220 494 1300; x_wconf 84' lang='lat' dir='ltr'><strong>rogantibus</strong></span> <span class='ocrx_word' id='word_1_73' title='bbox 516 1220 731 1295; x_wconf 87' lang='lat' dir='ltr'><strong>Demosthene,</strong></span> <span class='ocrx_word' id='word_1_74' title='bbox 760 1221 900 1292; x_wconf 87' lang='lat' dir='ltr'><strong>Philocle,</strong></span> <span class='ocrx_word' id='word_1_75' title='bbox 930 1221 994 1282; x_wconf 91' lang='lat' dir='ltr'><strong>aliis</strong></span> <span class='ocrx_word' id='word_1_76' title='bbox 1015 1220 1157 1301; x_wconf 92' lang='lat' dir='ltr'><strong>populis</strong></span> 
     </span>
     <span class='ocr_line' id='line_1_11' title="bbox 147 1310 1157 1404; baseline 0.002 -22"><span class='ocrx_word' id='word_1_77' title='bbox 147 1310 393 1403; x_wconf 69' lang='lat' dir='ltr'><strong>Areopagitarum</strong></span> <span class='ocrx_word' id='word_1_78' title='bbox 408 1322 532 1402; x_wconf 87' lang='lat' dir='ltr'><strong>collegio</strong></span> <span class='ocrx_word' id='word_1_79' title='bbox 551 1324 716 1399; x_wconf 88' lang='lat' dir='ltr'><strong>mandatur,</strong></span> <span class='ocrx_word' id='word_1_80' title='bbox 739 1334 773 1385; x_wconf 91' lang='lat' dir='ltr'><strong>ut</strong></span> <span class='ocrx_word' id='word_1_81' title='bbox 794 1342 858 1385; x_wconf 89' lang='lat' dir='ltr'><strong>earn</strong></span> <span class='ocrx_word' id='word_1_82' title='bbox 879 1324 910 1385; x_wconf 91' lang='lat' dir='ltr'><strong>in</strong></span> <span class='ocrx_word' id='word_1_83' title='bbox 934 1342 997 1385; x_wconf 88' lang='lat' dir='ltr'><strong>rem</strong></span> <span class='ocrx_word' id='word_1_84' title='bbox 1019 1324 1157 1404; x_wconf 83' lang='lat' dir='ltr'><strong>inquiror</strong></span> 
     </span>
     <span class='ocr_line' id='line_1_12' title="bbox 147 1426 1159 1506; baseline -0.003 -19"><span class='ocrx_word' id='word_1_85' title='bbox 147 1435 322 1506; x_wconf 89' lang='lat' dir='ltr'><strong>poenaeque</strong></span> <span class='ocrx_word' id='word_1_86' title='bbox 344 1427 402 1488; x_wconf 89' lang='lat' dir='ltr'><strong>reis</strong></span> <span class='ocrx_word' id='word_1_87' title='bbox 423 1426 610 1506; x_wconf 87' lang='lat' dir='ltr'><strong>gravissimae</strong></span> <span class='ocrx_word' id='word_1_88' title='bbox 631 1427 802 1506; x_wconf 86' lang='lat' dir='ltr'><strong>irrogantur</strong></span> <span class='ocrx_word' id='word_1_89' title='bbox 824 1427 902 1506; x_wconf 87' lang='lat' dir='ltr'><strong>(Din.</strong></span> <span class='ocrx_word' id='word_1_90' title='bbox 925 1426 975 1502; x_wconf 89' lang='lat' dir='ltr'><strong>lll,</strong></span> <span class='ocrx_word' id='word_1_91' title='bbox 999 1428 1039 1503; x_wconf 87' lang='lat'><strong>5).</strong></span> <span class='ocrx_word' id='word_1_92' title='bbox 1084 1428 1159 1488; x_wconf 88' lang='lat' dir='ltr'><strong>Are</strong></span> 
     </span>
     <span class='ocr_line' id='line_1_13' title="bbox 147 1528 1162 1609; baseline 0.002 -21"><span class='ocrx_word' id='word_1_93' title='bbox 147 1528 234 1608; x_wconf 90' lang='lat' dir='ltr'><strong>gitae,</strong></span> <span class='ocrx_word' id='word_1_94' title='bbox 260 1539 417 1609; x_wconf 91' lang='lat' dir='ltr'><strong>postquam</strong></span> <span class='ocrx_word' id='word_1_95' title='bbox 439 1547 633 1608; x_wconf 90' lang='lat' dir='ltr'><strong>permenses</strong></span> <span class='ocrx_word' id='word_1_96' title='bbox 655 1547 706 1591; x_wconf 83' lang='lat' dir='ltr'><strong>scr</strong></span> <span class='ocrx_word' id='word_1_97' title='bbox 729 1530 931 1609; x_wconf 88' lang='lat' dir='ltr'><strong>quaestionem</strong></span> <span class='ocrx_word' id='word_1_98' title='bbox 953 1537 1115 1605; x_wconf 83' lang='lat' dir='ltr'><strong>traxerunt,</strong></span> <span class='ocrx_word' id='word_1_99' title='bbox 1139 1550 1162 1590; x_wconf 83' lang='grc' dir='ltr'><strong>ιι</strong></span> 
     </span>
     <span class='ocr_line' id='line_1_14' title="bbox 148 1632 1139 1714; baseline 0.001 -22"><span class='ocrx_word' id='word_1_100' title='bbox 148 1650 214 1692; x_wconf 89' lang='lat' dir='ltr'><strong>cern</strong></span> <span class='ocrx_word' id='word_1_101' title='bbox 236 1651 348 1709; x_wconf 88' lang='lat' dir='ltr'><strong>eorum,</strong></span> <span class='ocrx_word' id='word_1_102' title='bbox 372 1632 422 1712; x_wconf 92' lang='lat' dir='ltr'><strong>qui</strong></span> <span class='ocrx_word' id='word_1_103' title='bbox 439 1633 581 1713; x_wconf 82' lang='lat' dir='ltr'><strong>pecunias</strong></span> <span class='ocrx_word' id='word_1_104' title='bbox 595 1632 631 1693; x_wconf 93' lang='lat' dir='ltr'><strong>ah</strong></span> <span class='ocrx_word' id='word_1_105' title='bbox 647 1632 773 1714; x_wconf 92' lang='lat' dir='ltr'><strong>Harpalo</strong></span> <span class='ocrx_word' id='word_1_106' title='bbox 797 1632 919 1695; x_wconf 91' lang='lat' dir='ltr'><strong>donatas</strong></span> <span class='ocrx_word' id='word_1_107' title='bbox 941 1632 1080 1706; x_wconf 88' lang='lat' dir='ltr'><strong>celarent,</strong></span> <span class='ocrx_word' id='word_1_108' title='bbox 1104 1633 1139 1693; x_wconf 93' lang='lat' dir='ltr'><strong>ad</strong></span> 
     </span>
    </p>
   </div>
   <div class='ocr_carea' id='block_1_4' title="bbox 51 1735 1153 1817">
    <p class='ocr_par' dir='ltr' id='par_1_5' title="bbox 51 1735 1153 1817">
     <span class='ocr_line' id='line_1_15' title="bbox 51 1735 1153 1817; baseline -0.004 -21"><span class='ocrx_word' id='word_1_109' title='bbox 51 1803 53 1807; x_wconf 57' lang='grc'>,</span> <span class='ocrx_word' id='word_1_110' title='bbox 147 1735 251 1814; x_wconf 92' lang='lat' dir='ltr'><strong>pulum</strong></span> <span class='ocrx_word' id='word_1_111' title='bbox 273 1736 451 1810; x_wconf 87' lang='lat' dir='ltr'><strong>detulerunt,</strong></span> <span class='ocrx_word' id='word_1_112' title='bbox 474 1736 620 1815; x_wconf 86' lang='lat' dir='ltr'><strong>adscripta</strong></span> <span class='ocrx_word' id='word_1_113' title='bbox 641 1754 764 1811; x_wconf 91' lang='lat' dir='ltr'><strong>summa,</strong></span> <span class='ocrx_word' id='word_1_114' title='bbox 787 1754 875 1816; x_wconf 92' lang='lat' dir='ltr'><strong>quam</strong></span> <span class='ocrx_word' id='word_1_115' title='bbox 897 1736 1023 1815; x_wconf 88' lang='lat' dir='ltr'><strong>quisque</strong></span> <span class='ocrx_word' id='word_1_116' title='bbox 1039 1735 1153 1817; x_wconf 88' lang='lat' dir='ltr'><strong>accepi</strong></span> 
     </span>
    </p>
   </div>
   <div class='ocr_carea' id='block_1_5' title="bbox 146 1835 1162 3240">
    <p class='ocr_par' dir='ltr' id='par_1_6' title="bbox 146 1835 1162 3240">
     <span class='ocr_line' id='line_1_16' title="bbox 147 1835 1154 1918; baseline 0.004 -22"><span class='ocrx_word' id='word_1_117' title='bbox 147 1835 178 1897; x_wconf 94' lang='lat' dir='ltr'><strong>in</strong></span> <span class='ocrx_word' id='word_1_118' title='bbox 202 1837 248 1899; x_wconf 90' lang='lat' dir='ltr'><strong>his</strong></span> <span class='ocrx_word' id='word_1_119' title='bbox 269 1838 498 1899; x_wconf 86' lang='lat' dir='ltr'><strong>Demosthenem</strong></span> <span class='ocrx_word' id='word_1_120' title='bbox 522 1837 633 1918; x_wconf 89' lang='lat' dir='ltr'><strong>viginti,</strong></span> <span class='ocrx_word' id='word_1_121' title='bbox 662 1837 749 1903; x_wconf 90' lang='lat' dir='ltr'><strong>alium</strong></span> <span class='ocrx_word' id='word_1_122' title='bbox 774 1838 943 1916; x_wconf 89' lang='lat' dir='ltr'><strong>quindecim</strong></span> <span class='ocrx_word' id='word_1_123' title='bbox 966 1839 1087 1913; x_wconf 90' lang='lat' dir='ltr'><strong>talenta,</strong></span> <span class='ocrx_word' id='word_1_124' title='bbox 1110 1839 1154 1900; x_wconf 92' lang='lat' dir='ltr'><strong>De</strong></span> 
     </span>
     <span class='ocr_line' id='line_1_17' title="bbox 147 1938 1147 2026; baseline 0.004 -27"><span class='ocrx_word' id='word_1_125' title='bbox 147 1938 213 2026; x_wconf 88' lang='lat' dir='ltr'><strong>dem</strong></span> <span class='ocrx_word' id='word_1_126' title='bbox 236 1941 387 2002; x_wconf 82' lang='lat' dir='ltr'><strong>sexmilia</strong></span> <span class='ocrx_word' id='word_1_127' title='bbox 410 1958 565 2001; x_wconf 91' lang='lat' dir='ltr'><strong>nummum</strong></span> <span class='ocrx_word' id='word_1_128' title='bbox 587 1958 760 2016; x_wconf 87' lang='lat' dir='ltr'><strong>aureorum,</strong></span> <span class='ocrx_word' id='word_1_129' title='bbox 783 1941 1014 2020; x_wconf 80' lang='lat' dir='ltr'><strong>Aristogitonem</strong></span> <span class='ocrx_word' id='word_1_130' title='bbox 1037 1941 1147 2024; x_wconf 88' lang='lat' dir='ltr'><strong>viginti</strong></span> 
     </span>
     <span class='ocr_line' id='line_1_18' title="bbox 149 2043 1162 2123; baseline 0.003 -21"><span class='ocrx_word' id='word_1_131' title='bbox 149 2060 202 2103; x_wconf 92' lang='lat' dir='ltr'><strong>nas</strong></span> <span class='ocrx_word' id='word_1_132' title='bbox 224 2043 353 2105; x_wconf 89' lang='lat' dir='ltr'><strong>retinere</strong></span> <span class='ocrx_word' id='word_1_133' title='bbox 374 2044 592 2118; x_wconf 86' lang='lat' dir='ltr'><strong>indicaverunt,</strong></span> <span class='ocrx_word' id='word_1_134' title='bbox 623 2044 754 2106; x_wconf 88' lang='lat' dir='ltr'><strong>rationes</strong></span> <span class='ocrx_word' id='word_1_135' title='bbox 780 2062 865 2119; x_wconf 90' lang='lat' dir='ltr'><strong>vero,</strong></span> <span class='ocrx_word' id='word_1_136' title='bbox 896 2062 950 2105; x_wconf 89' lang='lat' dir='ltr'><strong>our</strong></span> <span class='ocrx_word' id='word_1_137' title='bbox 972 2044 1097 2123; x_wconf 88' lang='lat' dir='ltr'><strong>quisque</strong></span> <span class='ocrx_word' id='word_1_138' title='bbox 1120 2063 1135 2106; x_wconf 91' lang='lat' dir='ltr'><strong>s</strong></span> <span class='ocrx_word' id='word_1_139' title='bbox 1160 2091 1162 2097; x_wconf 71' lang='lat'><strong>,</strong></span> 
     </span>
     <span class='ocr_line' id='line_1_19' title="bbox 149 2144 1159 2227; baseline 0.005 -22"><span class='ocrx_word' id='word_1_140' title='bbox 149 2144 235 2206; x_wconf 89' lang='lat' dir='ltr'><strong>cione</strong></span> <span class='ocrx_word' id='word_1_141' title='bbox 264 2156 462 2227; x_wconf 90' lang='lat' dir='ltr'><strong>premeretur,</strong></span> <span class='ocrx_word' id='word_1_142' title='bbox 493 2146 588 2208; x_wconf 90' lang='lat' dir='ltr'><strong>nullas</strong></span> <span class='ocrx_word' id='word_1_143' title='bbox 617 2147 801 2215; x_wconf 90' lang='lat' dir='ltr'><strong>addiderunt.</strong></span> <span class='ocrx_word' id='word_1_144' title='bbox 850 2146 926 2208; x_wconf 86' lang='lat' dir='ltr'><strong>Tum</strong></span> <span class='ocrx_word' id='word_1_145' title='bbox 953 2146 1082 2227; x_wconf 92' lang='lat' dir='ltr'><strong>populus</strong></span> <span class='ocrx_word' id='word_1_146' title='bbox 1112 2165 1159 2211; x_wconf 84' lang='lat' dir='ltr'><strong>cre</strong></span> 
     </span>
     <span class='ocr_line' id='line_1_20' title="bbox 149 2247 1153 2330; baseline 0.005 -24"><span class='ocrx_word' id='word_1_147' title='bbox 149 2247 369 2310; x_wconf 92' lang='lat' dir='ltr'><strong>accusatoribus</strong></span> <span class='ocrx_word' id='word_1_148' title='bbox 391 2249 502 2324; x_wconf 86' lang='lat' dir='ltr'><strong>decem,</strong></span> <span class='ocrx_word' id='word_1_149' title='bbox 524 2248 555 2310; x_wconf 94' lang='lat' dir='ltr'><strong>in</strong></span> <span class='ocrx_word' id='word_1_150' title='bbox 579 2248 685 2327; x_wconf 91' lang='lat' dir='ltr'><strong>quihus</strong></span> <span class='ocrx_word' id='word_1_151' title='bbox 707 2248 871 2330; x_wconf 82' lang='lat' dir='ltr'><strong>Hyperides</strong></span> <span class='ocrx_word' id='word_1_152' title='bbox 893 2258 922 2310; x_wconf 93' lang='lat' dir='ltr'><strong>et</strong></span> <span class='ocrx_word' id='word_1_153' title='bbox 944 2250 1102 2311; x_wconf 91' lang='lat' dir='ltr'><strong>Stratocles</strong></span> <span class='ocrx_word' id='word_1_154' title='bbox 1124 2267 1153 2310; x_wconf 88' lang='lat' dir='ltr'><strong>er</strong></span> 
     </span>
     <span class='ocr_line' id='line_1_21' title="bbox 151 2351 1142 2429; baseline 0.005 -19"><span class='ocrx_word' id='word_1_155' title='bbox 151 2351 314 2426; x_wconf 90' lang='lat' dir='ltr'><strong>constituit,</strong></span> <span class='ocrx_word' id='word_1_156' title='bbox 336 2361 370 2413; x_wconf 90' lang='lat' dir='ltr'><strong>ut</strong></span> <span class='ocrx_word' id='word_1_157' title='bbox 392 2353 434 2413; x_wconf 89' lang='lat' dir='ltr'><strong>rei</strong></span> <span class='ocrx_word' id='word_1_158' title='bbox 449 2353 480 2412; x_wconf 92' lang='lat' dir='ltr'><strong>in</strong></span> <span class='ocrx_word' id='word_1_159' title='bbox 496 2351 637 2412; x_wconf 90' lang='lat' dir='ltr'><strong>iudicium</strong></span> <span class='ocrx_word' id='word_1_160' title='bbox 652 2352 879 2414; x_wconf 81' lang='lat' dir='ltr'><strong>deducerentur.</strong></span> <span class='ocrx_word' id='word_1_161' title='bbox 920 2352 1142 2429; x_wconf 71' lang='lat' dir='ltr'><strong>demosthenes,</strong></span> 
     </span>
     <span class='ocr_line' id='line_1_22' title="bbox 148 2453 1140 2536; baseline 0.003 -23"><span class='ocrx_word' id='word_1_162' title='bbox 148 2453 264 2533; x_wconf 92' lang='lat' dir='ltr'><strong>primus</strong></span> <span class='ocrx_word' id='word_1_163' title='bbox 282 2455 316 2515; x_wconf 93' lang='lat' dir='ltr'><strong>ln</strong></span> <span class='ocrx_word' id='word_1_164' title='bbox 340 2454 386 2516; x_wconf 90' lang='lat' dir='ltr'><strong>ins</strong></span> <span class='ocrx_word' id='word_1_165' title='bbox 407 2463 528 2516; x_wconf 88' lang='lat' dir='ltr'><strong>vocatus</strong></span> <span class='ocrx_word' id='word_1_166' title='bbox 550 2464 609 2532; x_wconf 89' lang='lat' dir='ltr'><strong>est,</strong></span> <span class='ocrx_word' id='word_1_167' title='bbox 639 2455 736 2536; x_wconf 89' lang='lat' dir='ltr'><strong>primo</strong></span> <span class='ocrx_word' id='word_1_168' title='bbox 759 2457 927 2531; x_wconf 81' lang='lat' dir='ltr'><strong>consessus,</strong></span> <span class='ocrx_word' id='word_1_169' title='bbox 955 2463 989 2515; x_wconf 89' lang='lat' dir='ltr'><strong>ut</strong></span> <span class='ocrx_word' id='word_1_170' title='bbox 1009 2455 1098 2517; x_wconf 91' lang='lat' dir='ltr'><strong>iactat</strong></span> <span class='ocrx_word' id='word_1_171' title='bbox 1117 2455 1140 2516; x_wconf 93' lang='lat' dir='ltr'><strong>ll</strong></span> 
     </span>
     <span class='ocr_line' id='line_1_23' title="bbox 148 2555 1131 2639; baseline 0.004 -24"><span class='ocrx_word' id='word_1_172' title='bbox 148 2556 265 2635; x_wconf 85' lang='lat' dir='ltr'><strong>parides</strong></span> <span class='ocrx_word' id='word_1_173' title='bbox 287 2556 320 2633; x_wconf 88' lang='lat' dir='ltr'><strong>(l,</strong></span> <span class='ocrx_word' id='word_1_174' title='bbox 339 2557 376 2619; x_wconf 90' lang='grc'><strong>13</strong></span> <span class='ocrx_word' id='word_1_175' title='bbox 393 2555 472 2635; x_wconf 85' lang='grc'>(5)),</span> <span class='ocrx_word' id='word_1_176' title='bbox 495 2576 526 2619; x_wconf 92' lang='lat' dir='ltr'><strong>se</strong></span> <span class='ocrx_word' id='word_1_177' title='bbox 548 2557 705 2637; x_wconf 89' lang='lat' dir='ltr'><strong>pecuniam</strong></span> <span class='ocrx_word' id='word_1_178' title='bbox 728 2558 886 2639; x_wconf 88' lang='lat' dir='ltr'><strong>accepisse,</strong></span> <span class='ocrx_word' id='word_1_179' title='bbox 911 2565 1062 2637; x_wconf 86' lang='lat' dir='ltr'><strong>acceptam</strong></span> <span class='ocrx_word' id='word_1_180' title='bbox 1082 2575 1131 2619; x_wconf 88' lang='lat' dir='ltr'><strong>ver</strong></span> 
     </span>
     <span class='ocr_line' id='line_1_24' title="bbox 147 2657 1122 2740; baseline 0.004 -23"><span class='ocrx_word' id='word_1_181' title='bbox 147 2657 283 2738; x_wconf 86' lang='lat' dir='ltr'><strong>publicae</strong></span> <span class='ocrx_word' id='word_1_182' title='bbox 304 2658 586 2733; x_wconf 86' lang='lat' dir='ltr'><strong>subministravissc,</strong></span> <span class='ocrx_word' id='word_1_183' title='bbox 614 2669 717 2740; x_wconf 90' lang='lat' dir='ltr'><strong>postea</strong></span> <span class='ocrx_word' id='word_1_184' title='bbox 746 2660 862 2740; x_wconf 91' lang='lat' dir='ltr'><strong>culpam</strong></span> <span class='ocrx_word' id='word_1_185' title='bbox 893 2679 1006 2739; x_wconf 90' lang='lat' dir='ltr'><strong>negans</strong></span> <span class='ocrx_word' id='word_1_186' title='bbox 1033 2658 1122 2721; x_wconf 91' lang='lat' dir='ltr'><strong>aiud</strong></span> 
     </span>
     <span class='ocr_line' id='line_1_25' title="bbox 147 2749 1115 2843; baseline 0.005 -23"><span class='ocrx_word' id='word_1_187' title='bbox 147 2759 227 2821; x_wconf 87' lang='lat' dir='ltr'><strong>millo</strong></span> <span class='ocrx_word' id='word_1_188' title='bbox 255 2749 426 2842; x_wconf 84' lang='lat' dir='ltr'><strong>quingentis</strong></span> <span class='ocrx_word' id='word_1_189' title='bbox 455 2763 669 2825; x_wconf 89' lang='lat' dir='ltr'><strong>condemnatus</strong></span> <span class='ocrx_word' id='word_1_190' title='bbox 698 2771 727 2824; x_wconf 91' lang='lat' dir='ltr'><strong>et</strong></span> <span class='ocrx_word' id='word_1_191' title='bbox 755 2763 970 2843; x_wconf 90' lang='lat' dir='ltr'><strong>quinquaginta</strong></span> <span class='ocrx_word' id='word_1_192' title='bbox 999 2763 1115 2825; x_wconf 88' lang='lat' dir='ltr'><strong>talentis</strong></span> 
     </span>
     <span class='ocr_line' id='line_1_26' title="bbox 147 2865 1094 2947; baseline 0 -25"><span class='ocrx_word' id='word_1_193' title='bbox 147 2870 225 2925; x_wconf 91' lang='lat' dir='ltr'><strong>tatus</strong></span> <span class='ocrx_word' id='word_1_194' title='bbox 247 2874 301 2927; x_wconf 90' lang='lat' dir='ltr'><strong>est.</strong></span> <span class='ocrx_word' id='word_1_195' title='bbox 338 2865 421 2936; x_wconf 85' lang='lat' dir='ltr'><strong>Quae</strong></span> <span class='ocrx_word' id='word_1_196' title='bbox 442 2885 512 2927; x_wconf 89' lang='lat' dir='ltr'><strong>cum</strong></span> <span class='ocrx_word' id='word_1_197' title='bbox 533 2867 646 2928; x_wconf 91' lang='lat' dir='ltr'><strong>solvere</strong></span> <span class='ocrx_word' id='word_1_198' title='bbox 668 2886 729 2928; x_wconf 91' lang='lat' dir='ltr'><strong>non</strong></span> <span class='ocrx_word' id='word_1_199' title='bbox 752 2876 861 2947; x_wconf 89' lang='lat' dir='ltr'><strong>posset,</strong></span> <span class='ocrx_word' id='word_1_200' title='bbox 883 2866 914 2928; x_wconf 91' lang='lat' dir='ltr'><strong>in</strong></span> <span class='ocrx_word' id='word_1_201' title='bbox 932 2865 1048 2927; x_wconf 91' lang='lat' dir='ltr'><strong>vincula</strong></span> <span class='ocrx_word' id='word_1_202' title='bbox 1064 2884 1094 2926; x_wconf 80' lang='lat' dir='ltr'><strong>cc</strong></span> 
     </span>
     <span class='ocr_line' id='line_1_27' title="bbox 146 2968 1082 3049; baseline 0.002 -22"><span class='ocrx_word' id='word_1_203' title='bbox 146 2975 215 3046; x_wconf 94' lang='lat' dir='ltr'><strong>post</strong></span> <span class='ocrx_word' id='word_1_204' title='bbox 243 2968 305 3030; x_wconf 91' lang='lat' dir='ltr'><strong>dies</strong></span> <span class='ocrx_word' id='word_1_205' title='bbox 332 2988 443 3049; x_wconf 93' lang='lat' dir='ltr'><strong>paucos</strong></span> <span class='ocrx_word' id='word_1_206' title='bbox 472 2970 575 3049; x_wconf 86' lang='lat' dir='ltr'><strong>effugit</strong></span> <span class='ocrx_word' id='word_1_207' title='bbox 604 2978 635 3031; x_wconf 88' lang='lat' dir='ltr'><strong>et</strong></span> <span class='ocrx_word' id='word_1_208' title='bbox 661 2970 812 3031; x_wconf 85' lang='lat' dir='ltr'><strong>Troezena</strong></span> <span class='ocrx_word' id='word_1_209' title='bbox 841 2970 872 3030; x_wconf 96' lang='lat' dir='ltr'><strong>in</strong></span> <span class='ocrx_word' id='word_1_210' title='bbox 895 2969 1014 3030; x_wconf 80' lang='lat' dir='ltr'><strong>exilium</strong></span> <span class='ocrx_word' id='word_1_211' title='bbox 1036 2968 1082 3030; x_wconf 95' lang='lat' dir='ltr'><strong>abi</strong></span> 
     </span>
     <span class='ocr_line' id='line_1_28' title="bbox 146 3064 1079 3151; baseline 0.004 -22"><span class='ocrx_word' id='word_1_212' title='bbox 146 3070 239 3130; x_wconf 90' lang='lat' dir='ltr'><strong>mnati</strong></span> <span class='ocrx_word' id='word_1_213' title='bbox 260 3080 331 3132; x_wconf 91' lang='lat' dir='ltr'><strong>sunt</strong></span> <span class='ocrx_word' id='word_1_214' title='bbox 353 3072 423 3133; x_wconf 90' lang='lat' dir='ltr'><strong>item</strong></span> <span class='ocrx_word' id='word_1_215' title='bbox 446 3072 590 3134; x_wconf 88' lang='lat' dir='ltr'><strong>Philocles</strong></span> <span class='ocrx_word' id='word_1_216' title='bbox 616 3080 646 3133; x_wconf 89' lang='lat' dir='ltr'><strong>et</strong></span> <span class='ocrx_word' id='word_1_217' title='bbox 667 3073 825 3147; x_wconf 87' lang='lat' dir='ltr'><strong>Demades,</strong></span> <span class='ocrx_word' id='word_1_218' title='bbox 855 3064 1036 3151; x_wconf 88' lang='lat' dir='ltr'><strong>Aristogiton</strong></span> <span class='ocrx_word' id='word_1_219' title='bbox 1064 3089 1079 3133; x_wconf 87' lang='lat' dir='ltr'><strong>a</strong></span> 
     </span>
     <span class='ocr_line' id='line_1_29' title="bbox 147 3174 1062 3240; baseline 0.002 -6"><span class='ocrx_word' id='word_1_220' title='bbox 147 3192 211 3235; x_wconf 89' lang='lat' dir='ltr'><strong>esse</strong></span> <span class='ocrx_word' id='word_1_221' title='bbox 232 3174 354 3236; x_wconf 85' lang='lat' dir='ltr'><strong>videtur.</strong></span> <span class='ocrx_word' id='word_1_222' title='bbox 399 3175 492 3238; x_wconf 78' lang='lat' dir='ltr'><strong>Causa</strong></span> <span class='ocrx_word' id='word_1_223' title='bbox 517 3185 581 3238; x_wconf 89' lang='lat' dir='ltr'><strong>acta</strong></span> <span class='ocrx_word' id='word_1_224' title='bbox 603 3184 647 3238; x_wconf 89' lang='lat' dir='ltr'><strong>est</strong></span> <span class='ocrx_word' id='word_1_225' title='bbox 668 3194 747 3237; x_wconf 93' lang='lat' dir='ltr'><strong>anno</strong></span> <span class='ocrx_word' id='word_1_226' title='bbox 771 3174 929 3239; x_wconf 85' lang='lat' dir='ltr'><strong>CCClllllV</strong></span> <span class='ocrx_word' id='word_1_227' title='bbox 951 3195 977 3240; x_wconf 92' lang='lat' dir='ltr'><strong>a.</strong></span> <span class='ocrx_word' id='word_1_228' title='bbox 996 3174 1062 3237; x_wconf 79' lang='lat' dir='ltr'><strong>Chr.</strong></span> 
     </span>
    </p>
   </div>
   <div class='ocr_carea' id='block_1_6' title="bbox 0 0 1166 4410">
    <p class='ocr_par' dir='ltr' id='par_1_7' title="bbox 0 0 1166 4410">
     <span class='ocr_line' id='line_1_30' title="bbox 0 0 1166 4410; baseline 0 0"><span class='ocrx_word' id='word_1_229' title='bbox 0 0 1166 4410; x_wconf 95' lang='lat' dir='ltr'><strong> </strong></span> 
     </span>
    </p>
   </div>
  </div>
 </body>
</html>
