2324 4410
392 1180 797 1277 PRAEFATIO.

41 1546 44 1565 ;
138 1503 285 1566 Dinarchi
309 1505 457 1566 orationes
479 1504 595 1567 bekker
623 1505 713 1567 edidit
735 1524 770 1566 ex
792 1505 875 1567 libris
896 1504 1070 1584 Crippsiano
1094 1507 1127 1580 A,

41 1588 262 1687 {laurentiano
285 1609 325 1683 B,
356 1608 505 1669 Marciano
529 1608 568 1682 L,
597 1608 814 1670 Vratislaviensi
843 1608 879 1683 Z;
915 1616 979 1669 tum
1006 1607 1128 1668 Dobson

41 1696 313 1790 itLondini1828)
335 1711 478 1773 lectiones
500 1711 661 1773 Bnrneiani
684 1712 772 1776 9611
794 1721 825 1773 et
842 1711 1007 1790 Crippsiani
1030 1710 1128 1772 denuo

41 1798 156 1877 foollati
180 1815 270 1876 dedit.
314 1814 438 1876 Librum
461 1814 567 1876 deinde
583 1815 784 1877 Oxoniensem
806 1815 841 1889 N,
864 1815 915 1893 qui
937 1814 1025 1893 primi
1047 1813 1129 1874 adbi-

41 1908 45 2001 i
61 1915 201 1994 buerunt,
223 1919 370 1980 duumviri
385 1918 563 1980 Turioenses
579 1921 687 1999 (1840)
702 1919 765 1979 lere
779 1910 966 1997 syreverunt,
981 1917 1131 1978 Maetzner

40 2010 206 2100 {lllerolini
229 2022 323 2098 1842)
346 2022 484 2083 editionis
507 2022 591 2100 quasi
614 2023 838 2083 tundamentum
861 2021 969 2100 posuit.
1015 2019 1130 2092 Quibus

40 2106 44 2141 ¹
62 2125 95 2184 de
108 2124 194 2186 libris
209 2134 366 2206 postquam
381 2127 507 2188 multum
522 2125 702 2204 disputatum
718 2133 771 2199 est,
795 2132 912 2185 constat
936 2142 1017 2185 nunc
1039 2123 1130 2184 libros

39 2224 160 2311 lubun
191 2234 222 2288 et
242 2227 376 2289 Aldinam
405 2229 578 2289 auctoritate
607 2228 689 2288 omni
710 2246 825 2302 carere,
855 2234 971 2288 constat
991 2225 1084 2287 libros
1105 2227 1130 2287 A

38 2316 131 2391 ietll
155 2348 192 2391 ex
213 2330 317 2392 eodem
339 2332 422 2392 sonte
443 2332 572 2405 fluxisse,
595 2340 711 2393 constat
725 2339 886 2410 utrumque
900 2348 967 2391 vera
982 2329 1130 2391 interdum

37 2392 161 2511 Asolum
182 2451 390 2497 conservasse.
416 2434 476 2496 utri
497 2434 573 2496 libro
595 2436 663 2515 plus
685 2435 753 2497 fidei
775 2433 945 2495 babendum
968 2434 1013 2508 sit,
1036 2432 1131 2494 adhuc

35 2516 202 2637 J.oertatur
244 2538 371 2616 Atque
363 2556 394 2598 un
417 2537 517 2599 libello
533 2537 707 2599 scholastico
723 2538 876 2618 gymnasii,
900 2537 980 2616 quod
995 2535 1130 2597 Guilelmi

31 2516 152 2779 ''Regis
180 2641 303 2702 nomine
333 2649 457 2702 ornatur
487 2640 739 2718 1886(C)‚hac
760 2642 797 2702 de
818 2641 913 2702 reita
935 2639 1067 2714 disserui,
1097 2645 1131 2699 ut

62 2740 162 2803 neutri
182 2742 259 2805 libro
280 2744 407 2824 palmam
429 2744 481 2805 del
479 2640 638 2817 crendamc)
665 2744 809 2822 cuiusque
838 2744 897 2805 loci
923 2743 1053 2803 rationes
1073 2741 1131 2802 cir-

60 2843 312 2925 cumspiciendus,
342 2845 411 2906 libri
432 2844 584 2924 archetypi
610 2845 754 2907 lectiones
783 2846 887 2906 ordine
916 2853 946 2906 et
966 2845 1011 2904 via
1040 2862 1130 2922 quae-

58 2948 255 3015 rendasesse
278 2968 439 3012 censerem.
478 2949 563 3021 Quod
585 2959 619 3011 ut
640 2951 704 3012 ficri
726 2959 836 3032 posset,
858 2950 1001 3011 lectiones
1022 2949 1130 3009 horum

58 3051 215 3127 librorum,
238 3071 313 3132 quos
335 3072 403 3114 cum
425 3053 470 3114 cd.
486 3052 644 3116 Maetzner.
668 3054 868 3128 contuleram,
898 3072 987 3133 quam
1009 3070 1130 3113 accura-

58 3157 189 3219 tissimus
211 3155 317 3231 addidi,
340 3174 402 3216 non
425 3175 485 3235 quo
508 3175 612 3218 omnes
633 3157 670 3216 ad
692 3157 817 3218 oratoris
839 3156 927 3218 verba
946 3154 1129 3217 emendanda

58 3258 185 3323 idoneas
206 3258 413 3332 existimarem,
437 3259 489 3319 sed
511 3259 588 3338 quia,
612 3260 708 3338 quoad
729 3259 764 3321 de
781 3260 949 3321 alterutrius
963 3260 1031 3321 libri
1046 3258 1130 3337 prin-

58 3362 161 3444 cipatu
182 3363 294 3444 agitur,
322 3381 361 3422 ne
383 3381 431 3426 res
453 3362 581 3423 minutas
604 3363 722 3441 quidem
746 3363 887 3424 memoria
907 3363 1043 3440 indignas
1065 3378 1130 3421 esso

33 3468 36 3473 '
60 3467 235 3531 arbitrabar.
259 3466 450 3529 Confidebam
473 3467 561 3528 etiam
584 3486 645 3527 non
669 3467 788 3528 inutiles
810 3467 873 3526 loro
893 3465 928 3525 ad
943 3466 1022 3526 illam
1038 3481 1128 3543 quae·

62 3569 192 3634 ctionem
218 3569 444 3643 diiudicandum,
473 3568 720 3648 quemadmodum
747 3568 824 3629 libro
846 3569 870 3628 A
893 3568 970 3647 apud
999 3575 1130 3646 oratores

61 3691 115 3735 eos
135 3671 280 3734 utendum
300 3679 386 3745 esset,
412 3671 463 3750 qui
485 3672 547 3732 lere
569 3670 605 3731 ab
629 3671 685 3732 boc
708 3690 769 3732 uno
784 3671 866 3730 sonte
884 3670 922 3730 ad
935 3677 1059 3730 aetatem
1075 3687 1130 3728 no-

62 3782 150 3837 stram
172 3782 382 3856 pervenerunt,
406 3773 587 3835 Andocidem
609 3782 639 3835 et
661 3772 783 3835 Isaeum.

36 3860 39 3865 ¹
148 3875 270 3937 Librum
301 3885 459 3956 utrumque
487 3876 628 3955 descripsi
655 3876 686 3936 in
708 3875 890 3956 praefatione
911 3874 1039 3954 Lycurgi
1062 3874 1130 3953 (Be-

63 3976 118 4041 rul.
144 3978 248 4056 1880).
298 3979 395 4057 Atque
423 3979 455 4039 in
485 3978 561 4039 libro
592 3977 766 4059 Crippsiano
802 3995 908 4037 manus
936 3977 1131 4039 correctrices

65 4077 136 4143 dum
155 4097 284 4160 agnosco
306 4081 462 4143 atramenti
483 4080 584 4142 colore
605 4080 685 4143 inter
706 4099 738 4142 sc
759 4079 900 4152 diuersas,
922 4079 1045 4138 alteram
1065 4079 1135 4155 (ΑΙ)
