2324 4410
107 205 147 262 48
205 187 210 199 “
248 267 250 271 ,
555 204 736 259 ιεωιεεοε

107 381 169 458 μον
193 374 330 458 λαβόντι
350 375 404 439 καὶ
419 372 591 461 Μεθώνην
614 375 667 440 καὶ
683 368 816 439 Πύδναν
840 369 894 437 καὶ
913 373 1041 438 Πστίδο

107 475 194 561 πρός
216 475 351 554 ταύταις
373 476 487 560 ἑτέρας
510 477 614 543 ε’ίκοσι
636 472 763 554 πόλεις,
786 469 880 540 οὐδὲν
903 473 1029 539 τούτων

107 602 163 663 γον
185 577 421 664 ποιησόμενοι,
452 573 531 646 ούδὲ
559 581 616 666 τής
645 576 720 644 τότε
747 576 927 663 ἐνεστώσης
957 583 1041 660 κρίσι

105 688 171 746 τῶν
194 676 297 762 ὅρκων
322 678 378 758 οὓς
401 675 609 764 ὀμωμοκότες
632 685 748 767 φέρετε
768 679 827 768 τήν
847 682 966 765 ψήφον
983 675 1042 744 ἀντ

107 782 283 863 λαζόμενοι
306 782 364 861 τὰς
387 783 580 868 τηλικαύτας
604 777 796 867 εὐεργεσίας,
820 775 894 847 ἀλλ’
920 780 1035 848 ἑκατὸν

106 910 171 950 των
187 885 391 973 τιμήσαντες,
415 881 467 951 ότι
483 882 623 972 χρήματ’
642 880 740 954 αὐτόν
760 883 970 968 Ἀριστοφῶν
994 883 1039 969 ’ἐφ

56 993 199 1058 18Χίων
233 987 404 1072 εἰληφέναι
434 987 490 1054 καὶ
507 983 656 1070 Ῥοδίων,·
689 986 746 1052 τὸν
776 987 811 1052 δὲ
839 985 959 1070 μιαρόν
991 983 1041 1051 ἀνί

105 1092 157 1155 καί
181 1091 363 1176 προδότην,
399 1087 435 1155 ὃν
464 1084 520 1172 ούχ
547 1079 594 1169 εἷς
617 1085 697 1176 ἀνὴρ
720 1085 804 1155 ἀλλά
826 1097 920 1155 πᾶσα
944 1083 963 1175 ή
987 1087 1025 1167 ἐξ

99 1186 213 1275 πάγου
242 1191 345 1279 βουλή
375 1189 540 1281 ζητήσασα
568 1190 789 1278 ἀποπέφαγκε
814 1188 957 1277 χρήματ’
984 1190 1041 1271 έχει

104 1290 210 1375 ὑμῶν,
243 1291 279 1372 ὃς
302 1291 418 1361 ούσίαν
442 1295 521 1376 έχων
547 1294 677 1381 πολλήν
705 1295 759 1359 καί
787 1294 919 1359 παίδων
948 1288 1041 1374 ἀρρίν

106 1390 208 1461 όντων
225 1395 324 1482 αὐτῷ,
346 1395 400 1463 καὶ
416 1394 550 1474 σύδενδς
572 1394 673 1461 ἀλλον
697 1393 851 1477 δεόμενος
874 1388 919 1459 ῶν
942 1386 1018 1480 <ἀν>

105 1521 171 1574 πος
192 1502 326 1582 μέτριος
348 1498 501 1585 δεηθείη,
531 1493 588 1565 σύκ
611 1497 772 1580 ἀπέσχετο
793 1493 966 1581 χρημάτων
992 1495 1041 1560 διδ

105 1598 189 1665 κατὰ
211 1607 270 1687 τῆς
292 1601 463 1685 πατρίδος,
488 1595 559 1666 ούδ’
578 1599 795 1683 ἀπεκρύψατο
818 1599 876 1685 τήν
900 1599 1041 1681 ἔμφυτον

105 1708 188 1784 ρίαν,
213 1697 287 1768 ἀλλ’
306 1698 413 1769 ἀνεῖλε
435 1706 547 1770 πᾶσαν
569 1700 628 1792 τήν
650 1707 860 1787 γεγενημένην
882 1696 972 1786 αύτῷ
988 1724 1041 1782 πρι

103 1809 227 1882 πίστιν,
251 1805 305 1868 καί
329 1797 380 1881 οἷς
401 1803 563 1888 πρότερον
587 1806 650 1894 ἔφη
675 1801 907 1889 διαφέρεσθαι,
932 1799 1041 1883 πρδςι

104 1904 212 1983 ἔταξεν
236 1901 344 1985 αύτόν,
367 1905 422 1972 καὶ
444 1905 608 1990 ἐξήλεγξεν
632 1901 732 1998 αύτοῦ
754 1905 811 1990 τήν
827 1908 1041 1990 προσποίητο

102 2013 266 2090 καγαθίαν
290 2003 343 2072 ὅτι
365 2007 491 2095 ψευδής
512 1996 561 2096 ήν.

55 2117 94 2178 19
180 2104 226 2173 “A
246 2109 305 2197 χρή
328 2109 564 2194 λογισαμένους
587 2105 670 2191 ὑμᾶς
692 2109 828 2187 πάντας,
857 2099 1041 2190 ῶἈθηναί

102 2216 167 2274 τῶν
191 2209 365 2294 παρόντων
388 2214 509 2295 καιρῶν
533 2206 813 2296 ἀναμνησθέντας,
837 2213 871 2275 οἳ
892 2215 1039 2287 πίστεως

45 2322 55 2371 '.
101 2311 254 2395 ροδοκίας
278 2313 424 2392 δέονται,
454 2318 562 2395 μισεῖν
589 2311 666 2391 τούς
687 2311 869 2398 πονηρούς,
898 2306 1027 2378 ἀνελεῖν

101 2416 322 2493 πολιτείας
343 2413 384 2481 τά
407 2418 544 2481 τοιαῦτα
566 2421 680 2500 θηρία,
703 2417 756 2481 καὶ
780 2416 886 2494 δεῖξαι
908 2416 1014 2480 πᾶσιν
1036 2443 1041 2479 ι

101 2539 180 2593 ποις
209 2511 261 2581 ὅτι
290 2514 328 2582 ού
359 2518 623 2603 συνδιέφθαρται
650 2517 689 2582 τὸ
718 2525 778 2583 τοῦ
807 2514 911 2605 δήμου
939 2517 1041 2602 πλήθ

101 2618 246 2709 ῥητόρων
268 2620 322 2684 καί
344 2621 409 2685 τῶν
432 2623 620 2706 στρατηγῶν
642 2612 740 2703 τισιν,
763 2614 839 2685 σύδὲ
862 2616 1041 2685 δουλεύειν

101 2716 181 2800 ξαις,
218 2720 342 2799 εἰδότες
365 2718 417 2788 ὅτι
438 2724 521 2804 μετὰ
543 2725 604 2806 μέν
628 2716 835 2808 δικαιοσύνης
857 2718 911 2786 καὶ
934 2728 992 2811 τῆς
1008 2744 1041 2796 ττι

100 2822 217 2909 λήλους
240 2819 396 2906 ὁμονοίας
418 2825 540 2910 ῥᾳδίως
563 2819 787 2907 ἀμυνούμεθα,
819 2826 908 2890 θεῶν
931 2821 1030 2889 ἵλεων

100 2921 156 2989 ἐόν
178 2949 264 3002 τινες
286 2921 383 3012 ήμῖν
406 2921 526 3004 ἀδίκως
549 2926 780 3006 έπιτίθωνται,
803 2924 886 3005 μετὰ
910 2926 944 2991 δὲ
965 2924 1041 3010 δωρι

98 3025 154 3091 καὶ
175 3027 360 3110 προδοσίας
381 3029 434 3093 καὶ
457 3035 522 3093 τῶν
546 3023 669 3112 ὁμοίων
691 3027 821 3106 τούτοις
836 3029 951 3107 κακῶν,
974 3021 1041 3091 ἀτι

99 3126 208 3204 ούτοις
237 3121 435 3213 ἀνθρώποις
456 3130 645 3212 πρόσεστιν,
669 3128 813 3214 ούδεμί’
837 3127 883 3197 ἀν
905 3127 1005 3207 πόλις
1026 3124 1041 3197 λ

166 3304 180 3353 ’ί
200 3296 332 3381 λαβήντοι
349 3300 392 3353 A’.
414 3330 447 3339 —
471 3305 503 3354 10
521 3293 602 3369 ὅρκον
620 3303 641 3353 Α
659 3319 709 3371 με,
734 3319 797 3356 corr.
816 3301 859 3354 A¹.
882 3331 915 3342 -
941 3305 971 3355 11
990 3299 1041 3386 λργ

97 3396 130 3406 -
150 3368 194 3432 18,
215 3372 227 3420 1
255 3385 332 3419 σνων
354 3369 372 3420 i.
391 3384 412 3420 e.
438 3362 603 3440 ἀνθρώπων
625 3373 716 3437 Apr.‚
741 3387 804 3423 corr.
821 3371 864 3424 A².
882 3398 917 3409 -
934 3371 949 3422 3
968 3384 1041 3439 σταγσ

96 3451 142 3554 Bt„
156 3435 265 3490 add.A¹.
285 3465 316 3474 —
336 3439 353 3488 4
370 3434 457 3490 πολύν
469 3438 491 3489 Α
503 3454 549 3504 με,
568 3454 630 3492 σοιν.
640 3439 682 3492 A’.
702 3469 731 3477 -
753 3442 768 3492 5
781 3435 856 3504 αύτῷ
869 3436 994 3490 Bekkert
1011 3462 1041 3507 7-

121 3502 207 3555 ekker.
226 3533 258 3541 -
279 3506 294 3602 {¹3
313 3495 455 3587 av’quANJ
474 3535 506 3544 -
525 3510 540 3559 9
562 3504 601 3557 οίε
618 3523 667 3559 om.
685 3507 707 3559 Α
725 3523 777 3574 με,
801 3507 858 3559 εδδ.
876 3507 918 3559 A¹.
936 3534 970 3543 -·
989 3506 1041 3559 101

96 3586 236 3702 11111111·
246 3571 347 3690 ἀνῶ
367 3571 1041 3714 052250202323520222372332320323‘351:

97 3706 255 3773 suppleverit
272 3705 408 3762 Maetzner.
431 3738 466 3747 -
488 3710 564 3775 19‚1
590 3708 694 3763 πάντας
711 3727 761 3763 om.
779 3712 820 3766 Αι.
843 3739 877 3749 -
902 3711 917 3762 2
939 3703 1039 3775 ἀναμισ

94 3775 118 3825 Α
135 3789 182 3839 pr„
200 3790 263 3827 corr.
282 3777 316 3826 Αι
334 3805 366 3813 -
390 3770 433 3828 ότι
450 3782 569 3831 πίστεων
586 3778 692 3830 Dobree.
715 3808 749 3817 —
773 3782 788 3832 3
812 3784 842 3831 λιι
860 3777 907 3844 τήν
923 3771 1030 3831 πόλισιν

95 3837 231 3893 δουλεύειν
248 3843 306 3895 Α1δ.
324 3873 356 3883 -·
375 3849 389 3897 7
408 3841 514 3898 εἰδότας
531 3846 589 3899 Α1δ.
608 3875 642 3886 -
659 3843 752 3898 ύλλουε
769 3847 790 3897 Α
808 3864 854 3915 με,
873 3862 936 3899 corr.
952 3843 995 3897 Δί.
1012 3870 1032 3885 -

91 3906 203 3976 νόμεθα
219 3911 302 3978 Αμι,
320 3927 384 3965 corr.
397 3913 439 3965 Αἱ.
458 3942 491 3951 -
510 3916 525 3967 9
544 3930 616 3966 τινες
632 3909 711 3982 ὑμῶν
728 3914 774 3967 ΝΑ
786 3930 833 3982 pr„
852 3930 915 3968 corr.
927 3911 969 3967 A&
987 3940 1022 3952 -

78 3981 149 4041 stlat
167 3994 233 4033 corr.
253 3979 367 4035 Bekker.
