2324 4410
101 199 142 260 28
553 205 735 262 ΔΕΙΝΑΡΧΟΥ

102 374 165 460 γὰρ
189 368 285 457 οἶμαι
306 371 344 438 τὸ
366 374 426 456 μὲν
453 373 487 440 ἒν
516 376 564 461 τῷ
591 375 691 459 κοινῷ
718 373 895 459 φυλάττειν
923 374 1018 459 παρὰ
1040 402 1054 438 ι

105 471 367 569 ὁμολογούμενον
390 470 475 543 εἶναι
498 477 640 556 δίκαιον,
671 475 710 542 τό
734 477 768 544 δλ
790 474 928 556 τούτους
952 477 1036 560 ἔχειν

105 573 145 647 ἀν
168 579 274 647 εἰπεῖν
297 575 342 655 ὥς
365 577 437 646 ἔστι
458 579 564 656 καλῶς
586 579 669 661 ίχον.
971 594 974 601 “

55 685 92 747 91
190 678 343 759 Πολλούς
366 667 461 758 ούτος
483 681 551 764 ἐρεῖ
572 680 627 749 καί
649 679 887 760 παντοδαπούς
909 681 1044 766 λόγους,

105 784 188 867 δρες,
218 785 272 849 καί
303 780 502 850 οὐδέποτε
528 781 606 860 τοὺς
636 780 764 861 αύτούς.
821 779 883 871 όρᾷ
912 782 973 869 γὰρ
1004 781 1054 866 ύμι

105 883 239 952 ἅπαντα
268 884 383 969 χρόνον
409 884 523 950 έλπίσι
544 894 653 961 κεναῖς
680 886 733 951 καλ
757 884 897 969 ψευδέσι
920 886 1031 971 λόγοις

100 995 265 1075 -τημένους
294 983 356 1073 ὑφ’
389 985 522 1070 ἑαυτοῦ,
559 986 615 1053 καί
646 993 740 1072 μέχρι
768 988 886 1055 τούτου
914 1013 1054 1074 μνημονι

106 1090 165 1169 τάς
187 1088 382 1173 ὑποσχέσεις
411 1089 524 1174 μέχρις
547 1085 587 1156 ἀν
610 1089 770 1176 ῥηθῶσιν.
816 1090 845 1158 εί
872 1092 931 1174 μὲν
961 1080 1018 1157 σύν
1049 1093 1054 1156 ί

106 1193 164 1282 την
187 1192 287 1259 πόλιν
309 1194 366 1278 της
388 1197 627 1279 Δημοσθένους
654 1200 814 1278 πονηρίας
842 1192 898 1259 καὶ
927 1192 1054 1276 ἀτυχίας

108 1294 217 1364 λούειν
225 1345 233 1375 ,
264 1295 319 1362 ἵνα
349 1297 454 1362 πλείω
482 1296 771 1376 κακοδαιμονῶμεν
794 1333 834 1343 -
858 1292 952 1362 ούδὲ
974 1297 1036 1383 γὰρ

57 1407 97 1468 92
108 1396 188 1465 ἀλλο
212 1398 299 1464 ε’ίπω
322 1435 377 1476 -,
409 1402 577 1478 στερκτέον
599 1389 675 1482 <ἀν>
697 1396 746 1484 ε’ίη
769 1401 840 1475 τοῖς
863 1404 1054 1483 συμβαίνουι

106 1497 141 1568 δ’
174 1504 222 1568 ἔτι
252 1498 423 1586 κηδόμεθα
453 1501 510 1587 τῆς
538 1501 699 1583 πατρίδος
733 1502 788 1567 καὶ
816 1496 895 1579 τούς
922 1523 1054 1584 πονηρο,

109 1603 314 1690 δωροδόκους
335 1603 494 1683 μισοῦμεν
524 1603 578 1695 καί
606 1599 892 1683 μετοιωνίσασθαι
917 1603 975 1688 τὴν
996 1600 1054 1684 τύχ

108 1704 380 1790 μεταλλάξασθαι
418 1703 629 1788 βουλόμεθα,
671 1699 709 1770 ού
749 1709 939 1788 προετέον
974 1703 1054 1772 έστὶι

57 1805 239 1887 ιοιαύτούς,
263 1797 289 1872 ὦ
307 1805 496 1890 Ἀθηναῖοι,
523 1816 597 1883 ταῖς
613 1812 672 1872 τοῦ
690 1807 696 1892 Ι
715 1809 836 1889 μιαροῦ
857 1809 910 1873 καί
926 1805 1044 1892 γόητος

110 1906 270 1996 δεήσεσιν,
301 1903 376 1974 οόδὲ
399 1908 620 1991 προσδεκτέον
641 1907 718 1985 τοὺς
741 1908 870 1986 οἴκτους
900 1911 953 1974 καὶ
977 1908 1054 1986 τοὺς

108 2009 244 2096 κισμοός
266 2009 401 2076 τούτου·
435 2009 546 2096 ἱκανὴν
576 2011 637 2095 γὰρ
668 2009 824 2095 εἰλήφατε
850 2016 969 2095 πεῖραν
993 2009 1054 2076 αάτ

57 2117 99 2180 93
108 2117 174 2181 τῶν
197 2112 378 2199 λόγωνκαὶ
400 2115 466 2178 τῶν
482 2113 582 2195 ἔργων
605 2113 658 2177 καί
680 2119 740 2199 τῆς
760 2111 864 2199 τύχης.
902 2120 953 2189 τίς
969 2108 1054 2181 ούτω

108 2242 168 2294 πις
189 2213 281 2299 ὑμῶν
304 2215 408 2290 ἔστιν,
437 2205 678 2300 ὦἈθηναῖοι,
708 2211 759 2293 τίς
781 2211 886 2292 ούτως
908 2213 1054 2298 ἀλόγιστι

107 2316 229 2406 <ούτω>
257 2320 321 2384 τῶν
349 2323 636 2403 προγεγενημένων
664 2320 717 2383 καί
748 2325 803 2383 νῦν
831 2317 1050 2401 ἐνεστηκότων

108 2421 221 2504 μάτων
245 2419 393 2505 ἀπειρος,
418 2417 538 2498 ὅστις
560 2418 686 2500 ἐλπίζει
708 2420 765 2486 τόν
787 2421 820 2487 ίκ
842 2419 1004 2507 τοσαύτης
1023 2416 1054 2488 εί

109 2531 181 2602 νίας
211 2522 257 2602 είς
287 2522 448 2610 τοσαύτην
472 2521 607 2600 ἀδοξίαν
638 2521 887 2608 καταστήσαντα
915 2524 975 2609 τὴν
1003 2521 1054 2590 πό

109 2622 350 2715 ἡντιναδήποτε
377 2625 486 2692 αἰτίαν
515 2618 537 2712 ἢ
565 2624 664 2711 τύχην
692 2663 734 2673 -
761 2625 805 2692 ἀῶ
832 2625 893 2709 γὰρ
929 2627 1054 2692 τούτο-

111 2729 227 2814 ίπειδὴ
250 2729 336 2813 πρὸς
358 2739 431 2806 ταῖς
454 2725 570 2805 ἀλλοις
597 2726 756 2809 ἀπορίαις
784 2730 837 2794 καὶ
866 2740 938 2805 τοῖς
967 2753 1054 2812 περτι

110 2854 162 2901 σιν
185 2827 272 2919 ἡμᾶς
294 2830 455 2907 κινδύνοις
483 2830 538 2896 καί
566 2826 584 2916 ἦ
615 2833 681 2895 τῶν
704 2829 741 2909 ἐξ
761 2827 861 2917 αύτης
882 2833 940 2914 τῆς
962 2831 1054 2900 πόλει

110 2930 245 3019 ροδοκία
268 2937 477 3016 προσγέγονε,
500 2933 555 2997 καί
579 2934 655 3013 περί
675 2930 810 3014 αίσχράς
826 2931 934 3008 αἰτίας
948 2935 1043 3023 κοινῇ

110 3034 344 3120 ἀγωνιζόμεθα
366 3036 419 3100 καὶ
442 3034 601 3116 περὶτοῦ
623 3034 667 3123 μη
692 3037 798 3101 δοκεῖν
820 3037 861 3100 τό
886 3035 955 3122 ίδίηι
977 3060 1054 3120 παρτ

112 3135 191 3204 ύντα
212 3136 361 3226 χρήματα
382 3139 475 3224 κοινῇ
498 3136 554 3203 τὸν
578 3139 681 3224 δῆμον
704 3138 807 3219 ἔχειν,
837 3145 1014 3224 τηνικαῦτα
1036 3160 1054 3205 σ

180 3412 195 3462 6
216 3404 283 3474 μηδ’
304 3409 354 3459 ίνα
375 3409 406 3461 N.
429 3438 463 3447 -
480 3407 524 3474 91,
542 3413 558 3462 2
581 3404 772 3463 οὗδιπυίποτεε
795 3425 858 3462 corr.
878 3408 975 3462 Wurm.
996 3437 1030 3449 -

110 3477 133 3529 N
150 3506 184 3516 -
202 3472 316 3562 ησύδεστ
334 3477 365 3528 Ν.
388 3507 421 3515 -
445 3480 462 3529 4
478 3474 576 3530 τούτου
593 3483 638 3528 καὶ
654 3497 738 3545 μνημ.
755 3477 786 3529 N.
809 3507 842 3516 —
864 3482 879 3530 ’ί
897 3473 981 3530 πλέον
999 3480 1030 3531 Δί

110 3574 144 3584 -
162 3548 177 3598 8
197 3566 233 3597 αν
250 3545 307 3596 εδδ.
326 3544 434 3607 Βολίιετ,
453 3561 502 3600 om.
521 3551 539 3609 t,
558 3544 598 3611 εἴη
616 3547 667 3599 del.
686 3546 778 3610 Baiter,
800 3548 945 3614 στερκτέον
962 3547 1027 3598 ἐπὶ]

110 3643 143 3652 -
166 3613 247 3679 92,2
270 3610 302 3664 δέ
317 3632 344 3664 τι
362 3613 454 3666 Baiter.
473 3643 506 3652 -
524 3617 539 3666 3
557 3611 610 3680 την
627 3615 653 3666 in
671 3630 758 3665 rasura
776 3615 811 3666 Ν1
828 3644 861 3651 -
879 3618 897 3668 4
913 3631 1024 3684 προσικτ

109 3681 189 3734 Wolf.
208 3689 246 3719 -’
260 3679 387 3750 6,(τούε)
404 3678 501 3733 τούτου
519 3681 592 3734 Τοττ.
618 3713 648 3720 -
674 3682 766 3735 Βτών
782 3685 874 3751 ίργων
891 3685 936 3733 καί
953 3682 1013 3736 τῶν

109 3777 143 3787 -
161 3749 207 3810 93,
227 3752 242 3801 2
259 3746 336 3801 οὗτος
352 3751 373 3800 Α
392 3765 442 3815 pn,
464 3765 528 3804 corr.
547 3751 589 3802 Αἱ
608 3779 640 3788 -
659 3752 674 3802 3
693 3742 765 3802 ούτω
784 3751 840 3802 εδδ.
859 3750 1019 3814 Μεεῑτοετ,ι

110 3814 220 3889 ἄπειρος
234 3818 367 3898 οδδίδοτελ
386 3817 457 3869 Wolf
481 3847 511 3856 -
538 3819 596 3870 ίοτί.
615 3821 661 3869 καί
677 3817 769 3886 (uim)
787 3820 845 3871 νῦν.
869 3848 903 3857 -
926 3819 944 3870 4
965 3823 1016 3870 τίοι

110 3914 143 3924 -
167 3891 280 3940 6τουτο
296 3887 350 3938 νῦν
372 3914 405 3924 -
428 3883 536 3938 ἐπειδὴ
561 3901 625 3939 corr.
643 3885 768 3939 (ἄκουσαι.
789 3916 822 3926 -
845 3889 860 3940 8
884 3879 954 3953 ὑμᾶς
969 3887 1001 3941 Α.

110 3953 157 4006 ΝΑ
174 3971 226 4022 ραι
245 3970 307 4008 corr.
325 3953 368 4006 A2.
