<?xml version="1.0" encoding="UTF-8"?>
<!DOCTYPE html PUBLIC "-//W3C//DTD XHTML 1.0 Transitional//EN"
    "http://www.w3.org/TR/xhtml1/DTD/xhtml1-transitional.dtd">
<html xmlns="http://www.w3.org/1999/xhtml" xml:lang="en" lang="en">
 <head>
  <title>
</title>
<meta http-equiv="Content-Type" content="text/html;charset=utf-8" />
  <meta name='ocr-system' content='tesseract 3.04.00' />
  <meta name='ocr-capabilities' content='ocr_page ocr_carea ocr_par ocr_line ocrx_word'/>
</head>
<body>
  <div class='ocr_page' id='page_1' title='image "./dinarchioration00dinagoog_0016.png"; bbox 0 0 2324 4410; ppageno 0'>
   <div class='ocr_carea' id='block_1_1' title="bbox 107 188 738 245">
    <p class='ocr_par' dir='ltr' id='par_1_1' title="bbox 107 188 738 245">
     <span class='ocr_line' id='line_1_1' title="bbox 107 188 738 245; baseline -0.006 0"><span class='ocrx_word' id='word_1_1' title='bbox 107 188 130 245; x_wconf 80' lang='lat'>4</span> <span class='ocrx_word' id='word_1_2' title='bbox 556 188 738 242; x_wconf 76' lang='grc' dir='ltr'><strong>ΔΕΙΝΑΡΧΟΥ</strong></span> 
     </span>
    </p>
   </div>
   <div class='ocr_carea' id='block_1_2' title="bbox 56 352 1110 3324">
    <p class='ocr_par' dir='ltr' id='par_1_2' title="bbox 56 352 1110 3324">
     <span class='ocr_line' id='line_1_2' title="bbox 108 352 1088 443; baseline -0.004 -19"><span class='ocrx_word' id='word_1_3' title='bbox 108 354 318 443; x_wconf 78' lang='grc' dir='ltr'><em>ἀφικομένων</em></span> <span class='ocrx_word' id='word_1_4' title='bbox 336 356 449 442; x_wconf 88' lang='grc' dir='ltr'><em>ζητεῖν,</em></span> <span class='ocrx_word' id='word_1_5' title='bbox 473 356 630 442; x_wconf 91' lang='grc' dir='ltr'><em>καθάπερ</em></span> <span class='ocrx_word' id='word_1_6' title='bbox 654 355 844 435; x_wconf 86' lang='grc' dir='ltr'><em>συνέταξεν</em></span> <span class='ocrx_word' id='word_1_7' title='bbox 861 352 878 420; x_wconf 85' lang='grc' dir='ltr'><em>ὃ</em></span> <span class='ocrx_word' id='word_1_8' title='bbox 895 356 1008 442; x_wconf 73' lang='grc' dir='ltr'><em>δῆμος,</em></span> <span class='ocrx_word' id='word_1_9' title='bbox 1032 356 1088 421; x_wconf 82' lang='grc' dir='ltr'><em>ἵνα</em></span> 
     </span>
     <span class='ocr_line' id='line_1_3' title="bbox 109 456 1098 544; baseline -0.004 -19"><span class='ocrx_word' id='word_1_10' title='bbox 109 460 225 536; x_wconf 78' lang='grc' dir='ltr'><strong><em>δόντος</em></strong></span> <span class='ocrx_word' id='word_1_11' title='bbox 254 459 344 544; x_wconf 89' lang='grc' dir='ltr'><em>δίκην</em></span> <span class='ocrx_word' id='word_1_12' title='bbox 372 460 433 524; x_wconf 81' lang='grc' dir='ltr'><em>τού</em></span> <span class='ocrx_word' id='word_1_13' title='bbox 458 463 580 544; x_wconf 87' lang='grc' dir='ltr'><em>θηρίου</em></span> <span class='ocrx_word' id='word_1_14' title='bbox 609 456 745 538; x_wconf 90' lang='grc' dir='ltr'><em>τούτου,</em></span> <span class='ocrx_word' id='word_1_15' title='bbox 779 456 832 524; x_wconf 83' lang='grc' dir='ltr'><em>καὶ</em></span> <span class='ocrx_word' id='word_1_16' title='bbox 861 459 927 522; x_wconf 81' lang='grc' dir='ltr'><em>τῶν</em></span> <span class='ocrx_word' id='word_1_17' title='bbox 954 480 1098 541; x_wconf 91' lang='grc' dir='ltr'><em>μερισαμ</em></span> 
     </span>
     <span class='ocr_line' id='line_1_4' title="bbox 109 558 1099 654; baseline -0.002 -28"><span class='ocrx_word' id='word_1_18' title='bbox 109 561 217 627; x_wconf 85' lang='grc' dir='ltr'><em>έκεῖνο</em></span> <span class='ocrx_word' id='word_1_19' title='bbox 238 558 280 626; x_wconf 89' lang='grc' dir='ltr'><em>τά</em></span> <span class='ocrx_word' id='word_1_20' title='bbox 300 558 449 648; x_wconf 80' lang='grc' dir='ltr'><em>χρήματα</em></span> <span class='ocrx_word' id='word_1_21' title='bbox 471 562 623 654; x_wconf 81' lang='grc' dir='ltr'><em>φανερῶν</em></span> <span class='ocrx_word' id='word_1_22' title='bbox 644 566 837 644; x_wconf 78' lang='grc' dir='ltr'><em>γενομένων,</em></span> <span class='ocrx_word' id='word_1_23' title='bbox 859 559 912 624; x_wconf 81' lang='grc' dir='ltr'><em>καὶ</em></span> <span class='ocrx_word' id='word_1_24' title='bbox 935 566 995 645; x_wconf 83' lang='grc' dir='ltr'><em>της</em></span> <span class='ocrx_word' id='word_1_25' title='bbox 1018 562 1099 642; x_wconf 80' lang='grc' dir='ltr'><em>περὶ</em></span> 
     </span>
     <span class='ocr_line' id='line_1_5' title="bbox 108 655 1110 750; baseline -0.003 -22"><span class='ocrx_word' id='word_1_26' title='bbox 108 660 224 747; x_wconf 89' lang='grc' dir='ltr'><em>βαίους</em></span> <span class='ocrx_word' id='word_1_27' title='bbox 257 660 441 745; x_wconf 80' lang='grc' dir='ltr'><strong><em>προδοσίας</em></strong></span> <span class='ocrx_word' id='word_1_28' title='bbox 475 662 719 748; x_wconf 73' lang='grc' dir='ltr'><em>ἐξελεγχθείσης</em></span> <span class='ocrx_word' id='word_1_29' title='bbox 751 659 791 750; x_wconf 81' lang='grc' dir='ltr'><em>ἣν</em></span> <span class='ocrx_word' id='word_1_30' title='bbox 830 655 926 738; x_wconf 79' lang='grc' dir='ltr'><em>οὗτος</em></span> <span class='ocrx_word' id='word_1_31' title='bbox 963 662 1110 745; x_wconf 60' lang='grc' dir='ltr'><em>προδέδ.</em></span> 
     </span>
     <span class='ocr_line' id='line_1_6' title="bbox 109 761 1110 851; baseline -0.002 -21"><span class='ocrx_word' id='word_1_32' title='bbox 109 764 354 851; x_wconf 76' lang='grc' dir='ltr'><em>ἀπηλλάγμεθα</em></span> <span class='ocrx_word' id='word_1_33' title='bbox 375 763 493 831; x_wconf 89' lang='grc' dir='ltr'><em>τούτου</em></span> <span class='ocrx_word' id='word_1_34' title='bbox 515 767 574 830; x_wconf 92' lang='grc' dir='ltr'><em>τού</em></span> <span class='ocrx_word' id='word_1_35' title='bbox 598 766 790 850; x_wconf 77' lang='grc' dir='ltr'><em>δημαγωγοῦ</em></span> <span class='ocrx_word' id='word_1_36' title='bbox 814 766 908 850; x_wconf 92' lang='grc' dir='ltr'><em>δίκην</em></span> <span class='ocrx_word' id='word_1_37' title='bbox 931 761 1025 843; x_wconf 87' lang='grc' dir='ltr'><em>ἀξίαν</em></span> <span class='ocrx_word' id='word_1_38' title='bbox 1050 765 1110 828; x_wconf 73' lang='grc' dir='ltr'><em>δέΙ</em></span> 
     </span>
     <span class='ocr_line' id='line_1_7' title="bbox 60 857 1110 955; baseline 0.001 -24"><span class='ocrx_word' id='word_1_39' title='bbox 60 857 131 955; x_wconf 76' lang='grc' dir='ltr'><em>1Ῑῆ</em></span> <span class='ocrx_word' id='word_1_40' title='bbox 159 867 188 933; x_wconf 86' lang='grc' dir='ltr'><em>εἰ</em></span> <span class='ocrx_word' id='word_1_41' title='bbox 216 860 319 932; x_wconf 78' lang='grc' dir='ltr'><em>ταῦθ’</em></span> <span class='ocrx_word' id='word_1_42' title='bbox 348 862 442 947; x_wconf 80' lang='grc' dir='ltr'><em>ύμεῖς</em></span> <span class='ocrx_word' id='word_1_43' title='bbox 470 865 651 952; x_wconf 72' lang='grc' dir='ltr'><em>ἐβούλεσθε</em></span> <span class='ocrx_word' id='word_1_44' title='bbox 679 867 892 954; x_wconf 84' lang='grc' dir='ltr'><em>Δημοσθένει</em></span> <span class='ocrx_word' id='word_1_45' title='bbox 921 876 1110 950; x_wconf 62' lang='grc' dir='ltr'><em>συγχωρεῖ)</em></span> 
     </span>
     <span class='ocr_line' id='line_1_8' title="bbox 108 963 1110 1055; baseline -0.001 -21"><span class='ocrx_word' id='word_1_46' title='bbox 108 969 253 1046; x_wconf 81' lang='grc' dir='ltr'><em>πολλοὺς</em></span> <span class='ocrx_word' id='word_1_47' title='bbox 283 969 316 1036; x_wconf 85' lang='grc' dir='ltr'><em>έν</em></span> <span class='ocrx_word' id='word_1_48' title='bbox 345 971 384 1055; x_wconf 74' lang='grc' dir='ltr'><em>τῇ</em></span> <span class='ocrx_word' id='word_1_49' title='bbox 414 967 513 1036; x_wconf 88' lang='grc' dir='ltr'><em>πόλει</em></span> <span class='ocrx_word' id='word_1_50' title='bbox 543 969 620 1047; x_wconf 86' lang='grc' dir='ltr'><em>τοὺς</em></span> <span class='ocrx_word' id='word_1_51' title='bbox 652 967 734 1035; x_wconf 83' lang='grc' dir='ltr'><em>καθ’</em></span> <span class='ocrx_word' id='word_1_52' title='bbox 764 963 855 1051; x_wconf 87' lang='grc' dir='ltr'><em>ύμαῖν</em></span> <span class='ocrx_word' id='word_1_53' title='bbox 892 964 1110 1054; x_wconf 79' lang='grc' dir='ltr'><em>δωροδοκήσον</em></span> 
     </span>
     <span class='ocr_line' id='line_1_9' title="bbox 109 1066 1110 1160; baseline -0.002 -22"><span class='ocrx_word' id='word_1_54' title='bbox 109 1068 203 1150; x_wconf 80' lang='grc' dir='ltr'><em>εἶναι,</em></span> <span class='ocrx_word' id='word_1_55' title='bbox 234 1071 293 1160; x_wconf 78' lang='grc' dir='ltr'><em>τὴν</em></span> <span class='ocrx_word' id='word_1_56' title='bbox 316 1073 394 1155; x_wconf 83' lang='grc' dir='ltr'><em>περὶ</em></span> <span class='ocrx_word' id='word_1_57' title='bbox 417 1073 483 1137; x_wconf 84' lang='grc' dir='ltr'><em>τῶν</em></span> <span class='ocrx_word' id='word_1_58' title='bbox 507 1075 563 1138; x_wconf 82' lang='grc' dir='ltr'><em>νύν</em></span> <span class='ocrx_word' id='word_1_59' title='bbox 586 1066 880 1158; x_wconf 77' lang='grc' dir='ltr'><em>ἀποπεφασμένων</em></span> <span class='ocrx_word' id='word_1_60' title='bbox 904 1068 1035 1158; x_wconf 80' lang='grc' dir='ltr'><em>ζήτησιν</em></span> <span class='ocrx_word' id='word_1_61' title='bbox 1057 1097 1110 1154; x_wconf 81' lang='grc' dir='ltr'><em>χρη</em></span> 
     </span>
     <span class='ocr_line' id='line_1_10' title="bbox 107 1169 1110 1260; baseline -0.002 -22"><span class='ocrx_word' id='word_1_62' title='bbox 107 1199 172 1239; x_wconf 86' lang='grc' dir='ltr'><em>των</em></span> <span class='ocrx_word' id='word_1_63' title='bbox 199 1173 245 1260; x_wconf 81' lang='grc' dir='ltr'><em>μὴ</em></span> <span class='ocrx_word' id='word_1_64' title='bbox 275 1175 539 1257; x_wconf 85' lang='grc' dir='ltr'><em>προσδέχεσθαι,</em></span> <span class='ocrx_word' id='word_1_65' title='bbox 566 1184 696 1258; x_wconf 88' lang='grc' dir='ltr'><em>Ιπεῖραν</em></span> <span class='ocrx_word' id='word_1_66' title='bbox 732 1169 822 1255; x_wconf 84' lang='grc' dir='ltr'><em>ύμῶν</em></span> <span class='ocrx_word' id='word_1_67' title='bbox 857 1171 891 1239; x_wconf 78' lang='grc' dir='ltr'><em>έν</em></span> <span class='ocrx_word' id='word_1_68' title='bbox 916 1183 988 1250; x_wconf 90' lang='grc' dir='ltr'><em>τοῖς</em></span> <span class='ocrx_word' id='word_1_69' title='bbox 1017 1171 1110 1257; x_wconf 81' lang='grc' dir='ltr'><em>πρότ.</em></span> 
     </span>
     <span class='ocr_line' id='line_1_11' title="bbox 108 1271 1110 1362; baseline -0.001 -21"><span class='ocrx_word' id='word_1_70' title='bbox 108 1274 302 1360; x_wconf 83' lang='grc' dir='ltr'><em>εἰληφότας·</em></span> <span class='ocrx_word' id='word_1_71' title='bbox 333 1271 420 1342; x_wconf 80' lang='grc' dir='ltr'><em>ὅπου</em></span> <span class='ocrx_word' id='word_1_72' title='bbox 448 1300 491 1360; x_wconf 92' lang='grc' dir='ltr'><em>γε</em></span> <span class='ocrx_word' id='word_1_73' title='bbox 520 1271 605 1343; x_wconf 85' lang='grc' dir='ltr'><em>ούτω</em></span> <span class='ocrx_word' id='word_1_74' title='bbox 634 1278 741 1353; x_wconf 85' lang='grc' dir='ltr'><em>καλοῖς</em></span> <span class='ocrx_word' id='word_1_75' title='bbox 768 1277 822 1341; x_wconf 83' lang='grc' dir='ltr'><em>καὶ</em></span> <span class='ocrx_word' id='word_1_76' title='bbox 853 1277 986 1353; x_wconf 82' lang='grc' dir='ltr'><em>δικαίως</em></span> <span class='ocrx_word' id='word_1_77' title='bbox 1012 1271 1110 1362; x_wconf 80' lang='grc' dir='ltr'><em>τηςά</em></span> 
     </span>
     <span class='ocr_line' id='line_1_12' title="bbox 108 1375 1108 1464; baseline -0.001 -21"><span class='ocrx_word' id='word_1_78' title='bbox 108 1377 242 1464; x_wconf 84' lang='grc' dir='ltr'><em>φάσεως</em></span> <span class='ocrx_word' id='word_1_79' title='bbox 264 1380 324 1464; x_wconf 77' lang='grc' dir='ltr'><em>τῆς</em></span> <span class='ocrx_word' id='word_1_80' title='bbox 345 1377 429 1444; x_wconf 86' lang='grc' dir='ltr'><em>κατὰ</em></span> <span class='ocrx_word' id='word_1_81' title='bbox 450 1376 568 1444; x_wconf 89' lang='grc' dir='ltr'><em>τούτου</em></span> <span class='ocrx_word' id='word_1_82' title='bbox 590 1377 644 1444; x_wconf 85' lang='grc' dir='ltr'><em>καὶ</em></span> <span class='ocrx_word' id='word_1_83' title='bbox 666 1381 732 1444; x_wconf 83' lang='grc' dir='ltr'><em>τῶν</em></span> <span class='ocrx_word' id='word_1_84' title='bbox 751 1375 859 1443; x_wconf 84' lang='grc' dir='ltr'><em>ἀλλων</em></span> <span class='ocrx_word' id='word_1_85' title='bbox 875 1379 945 1444; x_wconf 80' lang='grc' dir='ltr'><em>νυνὶ</em></span> <span class='ocrx_word' id='word_1_86' title='bbox 961 1389 1108 1461; x_wconf 81' lang='grc' dir='ltr'><em>γεγενημέ</em></span> 
     </span>
     <span class='ocr_line' id='line_1_13' title="bbox 107 1475 1103 1569; baseline -0.001 -24"><span class='ocrx_word' id='word_1_87' title='bbox 107 1480 163 1546; x_wconf 83' lang='grc' dir='ltr'><em>καὶ</em></span> <span class='ocrx_word' id='word_1_88' title='bbox 190 1489 252 1569; x_wconf 83' lang='grc' dir='ltr'><em>της</em></span> <span class='ocrx_word' id='word_1_89' title='bbox 279 1480 315 1559; x_wconf 78' lang='grc' dir='ltr'><em>ἐξ</em></span> <span class='ocrx_word' id='word_1_90' title='bbox 331 1475 463 1565; x_wconf 78' lang='grc' dir='ltr'><em>Ἀρείου</em></span> <span class='ocrx_word' id='word_1_91' title='bbox 485 1477 595 1564; x_wconf 91' lang='grc' dir='ltr'><em>πάγου</em></span> <span class='ocrx_word' id='word_1_92' title='bbox 617 1483 738 1565; x_wconf 80' lang='grc' dir='ltr'><em>βουλῆς</em></span> <span class='ocrx_word' id='word_1_93' title='bbox 761 1477 836 1546; x_wconf 85' lang='grc' dir='ltr'><em>ούτε</em></span> <span class='ocrx_word' id='word_1_94' title='bbox 858 1477 917 1566; x_wconf 82' lang='grc' dir='ltr'><em>τὴν</em></span> <span class='ocrx_word' id='word_1_95' title='bbox 940 1482 1103 1564; x_wconf 86' lang='grc' dir='ltr'><em>Δημοσθέ</em></span> 
     </span>
     <span class='ocr_line' id='line_1_14' title="bbox 109 1575 1100 1669; baseline -0.001 -23"><span class='ocrx_word' id='word_1_96' title='bbox 109 1579 185 1647; x_wconf 88' lang='grc' dir='ltr'><em>ούτε</em></span> <span class='ocrx_word' id='word_1_97' title='bbox 205 1578 266 1669; x_wconf 81' lang='grc' dir='ltr'><em>την</em></span> <span class='ocrx_word' id='word_1_98' title='bbox 289 1580 448 1667; x_wconf 84' lang='grc' dir='ltr'><em>Δημάδου</em></span> <span class='ocrx_word' id='word_1_99' title='bbox 473 1580 610 1665; x_wconf 89' lang='grc' dir='ltr'><em>δύναμιν</em></span> <span class='ocrx_word' id='word_1_100' title='bbox 633 1579 928 1667; x_wconf 79' lang='grc' dir='ltr'><em>ὑποστειλαμένης,</em></span> <span class='ocrx_word' id='word_1_101' title='bbox 960 1575 1043 1646; x_wconf 82' lang='grc' dir='ltr'><em>ἀλλὰ</em></span> <span class='ocrx_word' id='word_1_102' title='bbox 1068 1578 1100 1645; x_wconf 72' lang='grc' dir='ltr'><em>τί</em></span> 
     </span>
     <span class='ocr_line' id='line_1_15' title="bbox 59 1679 1095 1770; baseline 0 -22"><span class='ocrx_word' id='word_1_103' title='bbox 59 1686 98 1748; x_wconf 83' lang='lat'><em>12</em></span> <span class='ocrx_word' id='word_1_104' title='bbox 108 1707 201 1750; x_wconf 89' lang='grc' dir='ltr'><em>καιον</em></span> <span class='ocrx_word' id='word_1_105' title='bbox 217 1679 297 1749; x_wconf 88' lang='grc' dir='ltr'><em>αύτὸ</em></span> <span class='ocrx_word' id='word_1_106' title='bbox 313 1686 367 1750; x_wconf 83' lang='grc' dir='ltr'><em>καὶ</em></span> <span class='ocrx_word' id='word_1_107' title='bbox 382 1682 527 1770; x_wconf 78' lang='grc' dir='ltr'><em>τάληθὲς</em></span> <span class='ocrx_word' id='word_1_108' title='bbox 543 1679 814 1770; x_wconf 89' lang='grc' dir='ltr'><em>προύργιαίτερον</em></span> <span class='ocrx_word' id='word_1_109' title='bbox 830 1689 1064 1769; x_wconf 84' lang='grc' dir='ltr'><em>πεποιημένης,</em></span> <span class='ocrx_word' id='word_1_110' title='bbox 1086 1707 1095 1748; x_wconf 85' lang='grc' dir='ltr'><em>ι</em></span> 
     </span>
     <span class='ocr_line' id='line_1_16' title="bbox 108 1777 1076 1872; baseline -0.001 -23"><span class='ocrx_word' id='word_1_111' title='bbox 108 1777 207 1872; x_wconf 77' lang='grc' dir='ltr'><em>ἧττον</em></span> <span class='ocrx_word' id='word_1_112' title='bbox 230 1784 437 1868; x_wconf 80' lang='grc' dir='ltr'><em>περιέρχεται</em></span> <span class='ocrx_word' id='word_1_113' title='bbox 458 1784 679 1871; x_wconf 88' lang='grc' dir='ltr'><em>Δημοσθένης</em></span> <span class='ocrx_word' id='word_1_114' title='bbox 708 1791 787 1870; x_wconf 90' lang='grc' dir='ltr'><em>περί</em></span> <span class='ocrx_word' id='word_1_115' title='bbox 814 1811 851 1852; x_wconf 91' lang='grc' dir='ltr'><em>τε</em></span> <span class='ocrx_word' id='word_1_116' title='bbox 872 1788 931 1871; x_wconf 78' lang='grc' dir='ltr'><em>τῆς</em></span> <span class='ocrx_word' id='word_1_117' title='bbox 952 1787 1076 1871; x_wconf 77' lang='grc' dir='ltr'><em>βουλῆς</em></span> 
     </span>
     <span class='ocr_line' id='line_1_17' title="bbox 108 1880 1065 1973; baseline 0.001 -22"><span class='ocrx_word' id='word_1_118' title='bbox 108 1888 247 1972; x_wconf 82' lang='grc' dir='ltr'><em>σφημῶν</em></span> <span class='ocrx_word' id='word_1_119' title='bbox 281 1889 334 1952; x_wconf 83' lang='grc' dir='ltr'><em>καὶ</em></span> <span class='ocrx_word' id='word_1_120' title='bbox 364 1888 440 1968; x_wconf 81' lang='grc' dir='ltr'><em>περὶ</em></span> <span class='ocrx_word' id='word_1_121' title='bbox 470 1887 589 1953; x_wconf 78' lang='grc' dir='ltr'><em>ἑαυτοῦ</em></span> <span class='ocrx_word' id='word_1_122' title='bbox 618 1889 719 1973; x_wconf 89' lang='grc' dir='ltr'><em>λέγων</em></span> <span class='ocrx_word' id='word_1_123' title='bbox 752 1880 871 1971; x_wconf 85' lang='grc' dir='ltr'><em>οἷσπερ</em></span> <span class='ocrx_word' id='word_1_124' title='bbox 900 1887 983 1963; x_wconf 81' lang='grc' dir='ltr'><em>ἰ’σως</em></span> <span class='ocrx_word' id='word_1_125' title='bbox 1011 1886 1065 1952; x_wconf 81' lang='grc' dir='ltr'><em>καὶ</em></span> 
     </span>
     <span class='ocr_line' id='line_1_18' title="bbox 106 1984 1067 2075; baseline -0.002 -20"><span class='ocrx_word' id='word_1_126' title='bbox 106 1984 190 2068; x_wconf 74' lang='grc' dir='ltr'><em>ὑμᾶς</em></span> <span class='ocrx_word' id='word_1_127' title='bbox 220 1986 335 2055; x_wconf 76' lang='grc' dir='ltr'><em>αὐτίκα</em></span> <span class='ocrx_word' id='word_1_128' title='bbox 362 1988 522 2075; x_wconf 82' lang='grc' dir='ltr'><em>χρήσεται</em></span> <span class='ocrx_word' id='word_1_129' title='bbox 551 1988 660 2074; x_wconf 89' lang='grc' dir='ltr'><em>λόγοις</em></span> <span class='ocrx_word' id='word_1_130' title='bbox 689 1988 863 2068; x_wconf 77' lang='grc' dir='ltr'><em>ἐξαπατῶν</em></span> <span class='ocrx_word' id='word_1_131' title='bbox 892 1984 992 2072; x_wconf 75' lang='grc' dir='ltr'><em>ὑμᾶς,</em></span> <span class='ocrx_word' id='word_1_132' title='bbox 1022 1984 1067 2066; x_wconf 77' lang='grc' dir='ltr'><em>ὥς</em></span> 
     </span>
     <span class='ocr_line' id='line_1_19' title="bbox 109 2087 1110 2177; baseline 0.001 -22"><span class='ocrx_word' id='word_1_133' title='bbox 109 2093 278 2177; x_wconf 80' lang='grc' dir='ltr'><em>Θηβαίους</em></span> <span class='ocrx_word' id='word_1_134' title='bbox 300 2087 377 2174; x_wconf 84' lang='grc' dir='ltr'><em>ύμῖν</em></span> <span class='ocrx_word' id='word_1_135' title='bbox 401 2091 543 2177; x_wconf 80' lang='grc' dir='ltr'><em>ἐποίησα</em></span> <span class='ocrx_word' id='word_1_136' title='bbox 567 2090 786 2175; x_wconf 86' lang='grc' dir='ltr'><em>ουμμάχους.“</em></span> <span class='ocrx_word' id='word_1_137' title='bbox 828 2087 896 2171; x_wconf 89' lang='grc' dir='ltr'><em>ούκ,</em></span> <span class='ocrx_word' id='word_1_138' title='bbox 921 2091 1005 2156; x_wconf 83' lang='grc' dir='ltr'><em>ἀλλὰ</em></span> <span class='ocrx_word' id='word_1_139' title='bbox 1025 2091 1064 2156; x_wconf 88' lang='grc' dir='ltr'><em>τὸ</em></span> <span class='ocrx_word' id='word_1_140' title='bbox 1087 2137 1110 2174; x_wconf 43' lang='grc' dir='ltr'><em>,ρ</em></span> 
     </span>
     <span class='ocr_line' id='line_1_20' title="bbox 109 2177 1110 2281; baseline 0.004 -25"><span class='ocrx_word' id='word_1_141' title='bbox 109 2198 280 2279; x_wconf 88' lang='grc' dir='ltr'><em>συμφέρον</em></span> <span class='ocrx_word' id='word_1_142' title='bbox 304 2186 509 2278; x_wconf 86' lang='grc' dir='ltr'><em>ἀμφοτέραις</em></span> <span class='ocrx_word' id='word_1_143' title='bbox 531 2190 682 2281; x_wconf 79' lang='grc' dir='ltr'><em>ἐλυμήνω</em></span> <span class='ocrx_word' id='word_1_144' title='bbox 696 2197 771 2270; x_wconf 88' lang='grc' dir='ltr'><em>ταῖς</em></span> <span class='ocrx_word' id='word_1_145' title='bbox 785 2190 933 2273; x_wconf 88' lang='grc' dir='ltr'><em>πόλεσιν,</em></span> <span class='ocrx_word' id='word_1_146' title='bbox 958 2177 1110 2278; x_wconf 56' lang='grc' dir='ltr'><em>οἶΔημὸχ</em></span> 
     </span>
     <span class='ocr_line' id='line_1_21' title="bbox 107 2292 1110 2380; baseline 0.003 -23"><span class='ocrx_word' id='word_1_147' title='bbox 107 2319 168 2370; x_wconf 92' lang='grc' dir='ltr'><em>νες.</em></span> <span class='ocrx_word' id='word_1_148' title='bbox 206 2293 290 2378; x_wconf 73' lang='grc' dir='ltr'><em>,ἐγὼ</em></span> <span class='ocrx_word' id='word_1_149' title='bbox 314 2296 484 2377; x_wconf 85' lang='grc' dir='ltr'><em>παρέταξα</em></span> <span class='ocrx_word' id='word_1_150' title='bbox 505 2292 634 2371; x_wconf 90' lang='grc' dir='ltr'><em>πάντας</em></span> <span class='ocrx_word' id='word_1_151' title='bbox 657 2295 703 2372; x_wconf 83' lang='grc' dir='ltr'><em>εἷς</em></span> <span class='ocrx_word' id='word_1_152' title='bbox 724 2294 965 2380; x_wconf 80' lang='grc' dir='ltr'><em>Χαιρώνειαν.“</em></span> <span class='ocrx_word' id='word_1_153' title='bbox 1003 2293 1069 2374; x_wconf 88' lang='grc' dir='ltr'><em>ούκ,</em></span> <span class='ocrx_word' id='word_1_154' title='bbox 1093 2302 1110 2371; x_wconf 72' lang='grc' dir='ltr'><em>ἀ</em></span> 
     </span>
     <span class='ocr_line' id='line_1_22' title="bbox 107 2391 1110 2484; baseline -0.001 -23"><span class='ocrx_word' id='word_1_155' title='bbox 107 2394 219 2474; x_wconf 81' lang='grc' dir='ltr'><em>έλιπες</em></span> <span class='ocrx_word' id='word_1_156' title='bbox 247 2394 348 2479; x_wconf 90' lang='grc' dir='ltr'><em>μόνος</em></span> <span class='ocrx_word' id='word_1_157' title='bbox 376 2391 475 2474; x_wconf 84' lang='grc' dir='ltr'><em>αύτδς</em></span> <span class='ocrx_word' id='word_1_158' title='bbox 501 2397 561 2484; x_wconf 78' lang='grc' dir='ltr'><em>την</em></span> <span class='ocrx_word' id='word_1_159' title='bbox 590 2397 655 2463; x_wconf 76' lang='grc' dir='ltr'><em>ἐκεῖ</em></span> <span class='ocrx_word' id='word_1_160' title='bbox 682 2397 784 2477; x_wconf 86' lang='grc' dir='ltr'><em>τάξιν.</em></span> <span class='ocrx_word' id='word_1_161' title='bbox 829 2397 913 2483; x_wconf 67' lang='grc' dir='ltr'><em>,ἐγώ</em></span> <span class='ocrx_word' id='word_1_162' title='bbox 942 2397 1110 2476; x_wconf 73' lang='grc' dir='ltr'><em>πολλάςῦ</em></span> 
     </span>
     <span class='ocr_line' id='line_1_23' title="bbox 58 2492 1109 2586; baseline 0.008 -24"><span class='ocrx_word' id='word_1_163' title='bbox 58 2499 197 2576; x_wconf 76' lang='grc' dir='ltr'><em>13ύμοῖν</em></span> <span class='ocrx_word' id='word_1_164' title='bbox 221 2495 427 2583; x_wconf 74' lang='grc' dir='ltr'><em>ἐπρέσβευσα</em></span> <span class='ocrx_word' id='word_1_165' title='bbox 448 2505 657 2582; x_wconf 79' lang='grc' dir='ltr'><em>πρεσβείας.“</em></span> <span class='ocrx_word' id='word_1_166' title='bbox 691 2493 748 2586; x_wconf 77' lang='grc' dir='ltr'><em>ἐφ’</em></span> <span class='ocrx_word' id='word_1_167' title='bbox 767 2492 811 2565; x_wconf 82' lang='grc' dir='ltr'><em>αἲ</em></span> <span class='ocrx_word' id='word_1_168' title='bbox 816 2525 833 2577; x_wconf 89' lang='grc' dir='ltr'><em>ς</em></span> <span class='ocrx_word' id='word_1_169' title='bbox 856 2495 913 2566; x_wconf 89' lang='grc' dir='ltr'><em>ούκ</em></span> <span class='ocrx_word' id='word_1_170' title='bbox 929 2495 997 2566; x_wconf 79' lang='grc' dir='ltr'><em>οἶδ’</em></span> <span class='ocrx_word' id='word_1_171' title='bbox 1015 2496 1109 2570; x_wconf 75' lang='grc' dir='ltr'><em>δτίκ</em></span> 
     </span>
     <span class='ocr_line' id='line_1_24' title="bbox 107 2593 1103 2690; baseline 0.004 -26"><span class='ocrx_word' id='word_1_172' title='bbox 107 2593 145 2664; x_wconf 83' lang='grc' dir='ltr'><em>ἀν</em></span> <span class='ocrx_word' id='word_1_173' title='bbox 169 2595 327 2685; x_wconf 80' lang='grc' dir='ltr'><em>ἐποίησεν</em></span> <span class='ocrx_word' id='word_1_174' title='bbox 347 2593 369 2686; x_wconf 74' lang='grc' dir='ltr'><em>ἢ</em></span> <span class='ocrx_word' id='word_1_175' title='bbox 390 2600 482 2678; x_wconf 85' lang='grc' dir='ltr'><em>τίνας</em></span> <span class='ocrx_word' id='word_1_176' title='bbox 504 2596 544 2666; x_wconf 86' lang='grc' dir='ltr'><em>διν</em></span> <span class='ocrx_word' id='word_1_177' title='bbox 567 2595 641 2668; x_wconf 82' lang='grc' dir='ltr'><em>εἶπε</em></span> <span class='ocrx_word' id='word_1_178' title='bbox 663 2601 787 2685; x_wconf 88' lang='grc' dir='ltr'><em>λύγους,</em></span> <span class='ocrx_word' id='word_1_179' title='bbox 815 2602 844 2669; x_wconf 86' lang='grc' dir='ltr'><em>εἰ</em></span> <span class='ocrx_word' id='word_1_180' title='bbox 867 2608 983 2687; x_wconf 89' lang='grc' dir='ltr'><em>συνέβη</em></span> <span class='ocrx_word' id='word_1_181' title='bbox 1003 2627 1103 2690; x_wconf 88' lang='grc' dir='ltr'><em>κατσρ</em></span> 
     </span>
     <span class='ocr_line' id='line_1_25' title="bbox 106 2697 1100 2787; baseline 0.007 -21"><span class='ocrx_word' id='word_1_182' title='bbox 106 2725 163 2766; x_wconf 92' lang='grc' dir='ltr'><em>σαι</em></span> <span class='ocrx_word' id='word_1_183' title='bbox 186 2697 275 2787; x_wconf 75' lang='grc' dir='ltr'><em>αύτῷ</em></span> <span class='ocrx_word' id='word_1_184' title='bbox 298 2699 319 2767; x_wconf 80' lang='grc' dir='ltr'><em>ἃ</em></span> <span class='ocrx_word' id='word_1_185' title='bbox 344 2701 604 2787; x_wconf 82' lang='grc' dir='ltr'><em>συνεβούλευσεν,</em></span> <span class='ocrx_word' id='word_1_186' title='bbox 631 2701 674 2782; x_wconf 78' lang='grc' dir='ltr'><em>ὃς</em></span> <span class='ocrx_word' id='word_1_187' title='bbox 696 2704 754 2771; x_wconf 79' lang='grc' dir='ltr'><em>ἐπὶ</em></span> <span class='ocrx_word' id='word_1_188' title='bbox 777 2717 848 2782; x_wconf 89' lang='grc' dir='ltr'><em>τοῖς</em></span> <span class='ocrx_word' id='word_1_189' title='bbox 869 2703 1035 2782; x_wconf 76' lang='grc' dir='ltr'><em>τοιούτοις</em></span> <span class='ocrx_word' id='word_1_190' title='bbox 1057 2699 1100 2773; x_wconf 84' lang='grc' dir='ltr'><em>ἀτ</em></span> 
     </span>
     <span class='ocr_line' id='line_1_26' title="bbox 105 2801 1097 2894; baseline 0.005 -27"><span class='ocrx_word' id='word_1_191' title='bbox 105 2826 188 2884; x_wconf 91' lang='grc' dir='ltr'><em>μασι</em></span> <span class='ocrx_word' id='word_1_192' title='bbox 224 2805 279 2869; x_wconf 83' lang='grc' dir='ltr'><em>καὶ</em></span> <span class='ocrx_word' id='word_1_193' title='bbox 306 2814 431 2886; x_wconf 87' lang='grc' dir='ltr'><em>κακοῖς,</em></span> <span class='ocrx_word' id='word_1_194' title='bbox 468 2801 601 2872; x_wconf 77' lang='grc' dir='ltr'><em>ἅπασαν</em></span> <span class='ocrx_word' id='word_1_195' title='bbox 630 2805 846 2892; x_wconf 77' lang='grc' dir='ltr'><em>ἐπεληλυθὼς</em></span> <span class='ocrx_word' id='word_1_196' title='bbox 880 2807 939 2894; x_wconf 85' lang='grc' dir='ltr'><em>την</em></span> <span class='ocrx_word' id='word_1_197' title='bbox 976 2807 1097 2892; x_wconf 79' lang='grc' dir='ltr'><em>οἷκουμι</em></span> 
     </span>
     <span class='ocr_line' id='line_1_27' title="bbox 107 2899 1092 2994; baseline 0.007 -27"><span class='ocrx_word' id='word_1_198' title='bbox 107 2901 195 2986; x_wconf 82' lang='grc' dir='ltr'><em>ὅμως</em></span> <span class='ocrx_word' id='word_1_199' title='bbox 218 2899 308 2984; x_wconf 84' lang='grc' dir='ltr'><em>ἀξιοῖ</em></span> <span class='ocrx_word' id='word_1_200' title='bbox 331 2907 455 2991; x_wconf 87' lang='grc' dir='ltr'><em>δωρεας</em></span> <span class='ocrx_word' id='word_1_201' title='bbox 478 2904 566 2994; x_wconf 77' lang='grc' dir='ltr'><em>αύτῷ</em></span> <span class='ocrx_word' id='word_1_202' title='bbox 587 2908 749 2974; x_wconf 88' lang='grc' dir='ltr'><em>δεδόσθαι</em></span> <span class='ocrx_word' id='word_1_203' title='bbox 771 2908 830 2987; x_wconf 84' lang='grc' dir='ltr'><em>τὰς</em></span> <span class='ocrx_word' id='word_1_204' title='bbox 851 2916 1022 2992; x_wconf 89' lang='grc' dir='ltr'><em>μεγίστας,</em></span> <span class='ocrx_word' id='word_1_205' title='bbox 1049 2911 1092 2992; x_wconf 76' lang='grc' dir='ltr'><em>λιη</em></span> 
     </span>
     <span class='ocr_line' id='line_1_28' title="bbox 105 3009 1075 3095; baseline 0.007 -24"><span class='ocrx_word' id='word_1_206' title='bbox 105 3031 171 3072; x_wconf 90' lang='grc' dir='ltr'><em>νειν</em></span> <span class='ocrx_word' id='word_1_207' title='bbox 195 3009 285 3092; x_wconf 84' lang='grc' dir='ltr'><em>δαῖρα</em></span> <span class='ocrx_word' id='word_1_208' title='bbox 300 3009 383 3074; x_wconf 87' lang='grc' dir='ltr'><em>κατά</em></span> <span class='ocrx_word' id='word_1_209' title='bbox 397 3012 454 3094; x_wconf 76' lang='grc' dir='ltr'><em>τῆς</em></span> <span class='ocrx_word' id='word_1_210' title='bbox 469 3011 631 3094; x_wconf 91' lang='grc' dir='ltr'><em>πατρίδος</em></span> <span class='ocrx_word' id='word_1_211' title='bbox 652 3013 707 3078; x_wconf 87' lang='grc' dir='ltr'><em>καὶ</em></span> <span class='ocrx_word' id='word_1_212' title='bbox 722 3012 826 3094; x_wconf 87' lang='grc' dir='ltr'><em>λέγειν</em></span> <span class='ocrx_word' id='word_1_213' title='bbox 848 3013 901 3077; x_wconf 83' lang='grc' dir='ltr'><em>καὶ</em></span> <span class='ocrx_word' id='word_1_214' title='bbox 918 3011 1075 3095; x_wconf 84' lang='grc' dir='ltr'><em>πράττειν</em></span> 
     </span>
     <span class='ocr_line' id='line_1_29' title="bbox 56 3103 1110 3217; baseline 0.009 -45"><span class='ocrx_word' id='word_1_215' title='bbox 56 3113 96 3173; x_wconf 88' lang='grc'><em>14</em></span> <span class='ocrx_word' id='word_1_216' title='bbox 106 3111 164 3174; x_wconf 84' lang='grc' dir='ltr'><em>τού</em></span> <span class='ocrx_word' id='word_1_217' title='bbox 187 3107 292 3196; x_wconf 83' lang='grc' dir='ltr'><em>δήμου</em></span> <span class='ocrx_word' id='word_1_218' title='bbox 316 3107 337 3176; x_wconf 78' lang='grc' dir='ltr'><strong><em>ἃ</em></strong></span> <span class='ocrx_word' id='word_1_219' title='bbox 353 3104 392 3176; x_wconf 87' lang='grc' dir='ltr'><em>ἀν</em></span> <span class='ocrx_word' id='word_1_220' title='bbox 407 3109 575 3198; x_wconf 90' lang='grc' dir='ltr'><em>βούληται.</em></span> <span class='ocrx_word' id='word_1_221' title='bbox 607 3111 662 3178; x_wconf 84' lang='grc' dir='ltr'><em>καὶ</em></span> <span class='ocrx_word' id='word_1_222' title='bbox 681 3112 839 3200; x_wconf 79' lang='grc' dir='ltr'><em>Τιμοθέῳ</em></span> <span class='ocrx_word' id='word_1_223' title='bbox 854 3112 923 3197; x_wconf 86' lang='grc' dir='ltr'><em>μέν,</em></span> <span class='ocrx_word' id='word_1_224' title='bbox 948 3103 1110 3217; x_wconf 51' lang='grc' dir='ltr'><em>άνἈθηνᾶ</em></span> 
     </span>
     <span class='ocr_line' id='line_1_30' title="bbox 104 3209 1110 3324; baseline 0.007 -49"><span class='ocrx_word' id='word_1_225' title='bbox 104 3209 363 3296; x_wconf 86' lang='grc' dir='ltr'><em>Πελοπόννησον</em></span> <span class='ocrx_word' id='word_1_226' title='bbox 384 3213 642 3297; x_wconf 88' lang='grc' dir='ltr'><em>περιπλεύσαντι</em></span> <span class='ocrx_word' id='word_1_227' title='bbox 664 3217 718 3280; x_wconf 82' lang='grc' dir='ltr'><em>καὶ</em></span> <span class='ocrx_word' id='word_1_228' title='bbox 740 3215 800 3303; x_wconf 79' lang='grc' dir='ltr'><em>τὴν</em></span> <span class='ocrx_word' id='word_1_229' title='bbox 823 3215 856 3281; x_wconf 85' lang='grc' dir='ltr'><em>έν</em></span> <span class='ocrx_word' id='word_1_230' title='bbox 877 3213 1028 3302; x_wconf 78' lang='grc' dir='ltr'><em>Κερκύρᾳ</em></span> <span class='ocrx_word' id='word_1_231' title='bbox 1049 3243 1110 3324; x_wconf 69' lang='grc' dir='ltr'><em>νο,1</em></span> 
     </span>
    </p>
   </div>
   <div class='ocr_carea' id='block_1_3' title="bbox 102 3444 1110 3996">
    <p class='ocr_par' dir='ltr' id='par_1_3' title="bbox 107 3444 1110 3528">
     <span class='ocr_line' id='line_1_31' title="bbox 107 3444 1110 3528; baseline 0.005 -26"><span class='ocrx_word' id='word_1_232' title='bbox 107 3508 120 3527; x_wconf 39' lang='grc' dir='ltr'><strong><em>Ἀ</em></strong></span> <span class='ocrx_word' id='word_1_233' title='bbox 171 3448 214 3512; x_wconf 80' lang='lat'><em>10,</em></span> <span class='ocrx_word' id='word_1_234' title='bbox 233 3453 247 3500; x_wconf 77' lang='lat'>5</span> <span class='ocrx_word' id='word_1_235' title='bbox 267 3444 429 3518; x_wconf 80' lang='grc' dir='ltr'><em>ἀφικομένου</em></span> <span class='ocrx_word' id='word_1_236' title='bbox 446 3452 469 3501; x_wconf 83' lang='grc' dir='ltr'>Α</span> <span class='ocrx_word' id='word_1_237' title='bbox 487 3467 533 3516; x_wconf 73' lang='lat' dir='ltr'>pr..</span> <span class='ocrx_word' id='word_1_238' title='bbox 556 3468 619 3504; x_wconf 82' lang='lat' dir='ltr'>corr.</span> <span class='ocrx_word' id='word_1_239' title='bbox 637 3453 680 3504; x_wconf 80' lang='lat' dir='ltr'><em>A1.</em></span> <span class='ocrx_word' id='word_1_240' title='bbox 699 3482 733 3490; x_wconf 90' lang='lat'>-</span> <span class='ocrx_word' id='word_1_241' title='bbox 750 3453 917 3521; x_wconf 65' lang='grc' dir='ltr'><em>προσεπαξευ</em></span> <span class='ocrx_word' id='word_1_242' title='bbox 935 3455 1028 3507; x_wconf 80' lang='lat' dir='ltr'><strong>Baiter.</strong></span> <span class='ocrx_word' id='word_1_243' title='bbox 1047 3471 1110 3528; x_wconf 77' lang='lat'><em>-1</em></span> 
     </span>
    </p>

    <p class='ocr_par' dir='ltr' id='par_1_4' title="bbox 104 3516 1109 3591">
     <span class='ocr_line' id='line_1_32' title="bbox 104 3516 1109 3591; baseline 0.008 -25"><span class='ocrx_word' id='word_1_244' title='bbox 104 3536 121 3579; x_wconf 87' lang='grc' dir='ltr'><em>η</em></span> <span class='ocrx_word' id='word_1_245' title='bbox 140 3533 190 3568; x_wconf 86' lang='lat' dir='ltr'><em>om.</em></span> <span class='ocrx_word' id='word_1_246' title='bbox 203 3517 225 3566; x_wconf 88' lang='grc' dir='ltr'>Α</span> <span class='ocrx_word' id='word_1_247' title='bbox 238 3533 284 3582; x_wconf 61' lang='lat' dir='ltr'><em>pr„</em></span> <span class='ocrx_word' id='word_1_248' title='bbox 303 3518 359 3570; x_wconf 81' lang='lat' dir='ltr'><strong>add.</strong></span> <span class='ocrx_word' id='word_1_249' title='bbox 371 3520 414 3571; x_wconf 87' lang='lat' dir='ltr'><em>A¹.</em></span> <span class='ocrx_word' id='word_1_250' title='bbox 433 3549 465 3556; x_wconf 91' lang='lat'>—</span> <span class='ocrx_word' id='word_1_251' title='bbox 485 3523 500 3572; x_wconf 85' lang='lat'>2</span> <span class='ocrx_word' id='word_1_252' title='bbox 519 3516 761 3590; x_wconf 80' lang='grc' dir='ltr'><em>δωροδοκήσαντας</em></span> <span class='ocrx_word' id='word_1_253' title='bbox 778 3525 856 3587; x_wconf 84' lang='lat' dir='ltr'><strong>Apr.‚</strong></span> <span class='ocrx_word' id='word_1_254' title='bbox 874 3538 960 3573; x_wconf 82' lang='lat' dir='ltr'>rasura</span> <span class='ocrx_word' id='word_1_255' title='bbox 979 3529 1109 3591; x_wconf 57' lang='lat' dir='ltr'>correctuu</span> 
     </span>
    </p>

    <p class='ocr_par' dir='ltr' id='par_1_5' title="bbox 104 3579 1107 3666">
     <span class='ocr_line' id='line_1_33' title="bbox 104 3579 1107 3666; baseline 0.01 -30"><span class='ocrx_word' id='word_1_256' title='bbox 104 3588 121 3636; x_wconf 89' lang='grc'>4</span> <span class='ocrx_word' id='word_1_257' title='bbox 138 3579 324 3665; x_wconf 64' lang='grc' dir='ltr'><em>ἀποδέχεσθαι</em></span> <span class='ocrx_word' id='word_1_258' title='bbox 335 3589 356 3637; x_wconf 83' lang='grc' dir='ltr'><strong>Α</strong></span> <span class='ocrx_word' id='word_1_259' title='bbox 369 3602 416 3653; x_wconf 66' lang='lat' dir='ltr'><em>pr„</em></span> <span class='ocrx_word' id='word_1_260' title='bbox 433 3603 496 3639; x_wconf 86' lang='lat' dir='ltr'><strong>corr.</strong></span> <span class='ocrx_word' id='word_1_261' title='bbox 510 3588 553 3639; x_wconf 55' lang='grc' dir='ltr'><em>ΑΙ.</em></span> <span class='ocrx_word' id='word_1_262' title='bbox 570 3616 604 3624; x_wconf 92' lang='grc'><strong>-</strong></span> <span class='ocrx_word' id='word_1_263' title='bbox 623 3593 637 3641; x_wconf 84' lang='grc'>5</span> <span class='ocrx_word' id='word_1_264' title='bbox 657 3582 725 3666; x_wconf 73' lang='grc' dir='ltr'><em>ὅπου</em></span> <span class='ocrx_word' id='word_1_265' title='bbox 736 3587 800 3658; x_wconf 77' lang='grc' dir='ltr'><em>γάρι</em></span> <span class='ocrx_word' id='word_1_266' title='bbox 820 3606 883 3642; x_wconf 85' lang='lat' dir='ltr'>corr.</span> <span class='ocrx_word' id='word_1_267' title='bbox 896 3590 984 3642; x_wconf 83' lang='lat' dir='ltr'>Aldus.</span> <span class='ocrx_word' id='word_1_268' title='bbox 1002 3594 1107 3661; x_wconf 79' lang='grc'><em>-12,;</em></span> 
     </span>
    </p>

    <p class='ocr_par' dir='ltr' id='par_1_6' title="bbox 103 3654 1105 3780">
     <span class='ocr_line' id='line_1_34' title="bbox 103 3654 1105 3780; baseline 0.011 -11"><span class='ocrx_word' id='word_1_269' title='bbox 103 3654 355 3777; x_wconf 58' lang='lat' dir='ltr'><em>fizsszssff⁶5Nf÷·’</em></span> <span class='ocrx_word' id='word_1_270' title='bbox 365 3670 438 3774; x_wconf 76' lang='grc' dir='ltr'><em>κι·</em></span> <span class='ocrx_word' id='word_1_271' title='bbox 452 3655 802 3776; x_wconf 55' lang='grc' dir='ltr'><em>ιλῑῖβοιινί</em></span> <span class='ocrx_word' id='word_1_272' title='bbox 812 3658 1068 3780; x_wconf 60' lang='grc' dir='ltr'><em>ευεβεῖ</em></span> <span class='ocrx_word' id='word_1_273' title='bbox 1080 3663 1105 3721; x_wconf 63' lang='grc' dir='ltr'><em>ν</em></span> 
     </span>
    </p>

    <p class='ocr_par' dir='ltr' id='par_1_7' title="bbox 104 3744 1089 3853">
     <span class='ocr_line' id='line_1_35' title="bbox 104 3744 1089 3853; baseline 0.014 -16"><span class='ocrx_word' id='word_1_274' title='bbox 104 3783 192 3852; x_wconf 75' lang='grc' dir='ltr'><em>αύτῷε</em></span> <span class='ocrx_word' id='word_1_275' title='bbox 216 3761 279 3841; x_wconf 75' lang='grc' dir='ltr'><em>οοιι.</em></span> <span class='ocrx_word' id='word_1_276' title='bbox 296 3761 404 3843; x_wconf 71' lang='grc' dir='ltr'><em>Βοίδιον.</em></span> <span class='ocrx_word' id='word_1_277' title='bbox 428 3821 461 3829; x_wconf 93' lang='grc'>-</span> <span class='ocrx_word' id='word_1_278' title='bbox 484 3763 652 3845; x_wconf 30' lang='grc' dir='ltr'><em>δικατὰι...</em></span> <span class='ocrx_word' id='word_1_279' title='bbox 672 3765 730 3844; x_wconf 75' lang='grc' dir='ltr'><em>οαιά</em></span> <span class='ocrx_word' id='word_1_280' title='bbox 752 3794 825 3845; x_wconf 80' lang='lat' dir='ltr'><strong>trium</strong></span> <span class='ocrx_word' id='word_1_281' title='bbox 850 3766 979 3846; x_wconf 55' lang='lat' dir='ltr'>lisserarufn</span> <span class='ocrx_word' id='word_1_282' title='bbox 1003 3744 1089 3853; x_wconf 63' lang='grc' dir='ltr'><em>ιάεοέέ</em></span> 
     </span>
    </p>

    <p class='ocr_par' dir='ltr' id='par_1_8' title="bbox 102 3856 1083 3996">
     <span class='ocr_line' id='line_1_36' title="bbox 102 3856 1083 3973; baseline 0.012 -68"><span class='ocrx_word' id='word_1_283' title='bbox 102 3856 211 3973; x_wconf 57' lang='grc' dir='ltr'><em>ηαςίοεε</em></span> <span class='ocrx_word' id='word_1_284' title='bbox 227 3859 305 3919; x_wconf 85' lang='lat' dir='ltr'><strong>exitu,</strong></span> <span class='ocrx_word' id='word_1_285' title='bbox 322 3860 395 3924; x_wconf 83' lang='lat' dir='ltr'><strong>Apr.</strong></span> <span class='ocrx_word' id='word_1_286' title='bbox 413 3859 460 3922; x_wconf 85' lang='grc' dir='ltr'><em>τῆε</em></span> <span class='ocrx_word' id='word_1_287' title='bbox 478 3861 622 3925; x_wconf 80' lang='lat' dir='ltr'>geminasse</span> <span class='ocrx_word' id='word_1_288' title='bbox 640 3861 741 3943; x_wconf 66' lang='grc' dir='ltr'><em>αἰδοῖαι</em></span> <span class='ocrx_word' id='word_1_289' title='bbox 760 3891 790 3898; x_wconf 97' lang='grc'><strong>-</strong></span> <span class='ocrx_word' id='word_1_290' title='bbox 810 3860 943 3931; x_wconf 85' lang='grc' dir='ltr'><em>πράττειν</em></span> <span class='ocrx_word' id='word_1_291' title='bbox 959 3863 1083 3936; x_wconf 76' lang='grc' dir='ltr'><em>(ἐξεῖναι)</em></span> 
     </span>
     <span class='ocr_line' id='line_1_37' title="bbox 125 3923 1037 3996; baseline 0.013 -23"><span class='ocrx_word' id='word_1_292' title='bbox 125 3923 176 3974; x_wconf 83' lang='lat' dir='ltr'>lass</span> <span class='ocrx_word' id='word_1_293' title='bbox 196 3953 225 3962; x_wconf 98' lang='lat'><em>-</em></span> <span class='ocrx_word' id='word_1_294' title='bbox 246 3927 261 3991; x_wconf 68' lang='grc' dir='ltr'><strong>ξ</strong></span> <span class='ocrx_word' id='word_1_295' title='bbox 279 3924 315 3979; x_wconf 82' lang='lat'><em>14</em></span> <span class='ocrx_word' id='word_1_296' title='bbox 332 3927 364 3977; x_wconf 83' lang='grc' dir='ltr'><em>οῖ.</em></span> <span class='ocrx_word' id='word_1_297' title='bbox 383 3926 421 3990; x_wconf 89' lang='lat'>111,</span> <span class='ocrx_word' id='word_1_298' title='bbox 442 3930 471 3977; x_wconf 78' lang='lat'><em>17</em></span> <span class='ocrx_word' id='word_1_299' title='bbox 492 3956 523 3965; x_wconf 91' lang='lat'><em>-—</em></span> <span class='ocrx_word' id='word_1_300' title='bbox 543 3929 557 3978; x_wconf 85' lang='lat'><strong>2</strong></span> <span class='ocrx_word' id='word_1_301' title='bbox 576 3924 769 3994; x_wconf 81' lang='grc' dir='ltr'><em>Πελοπονησου</em></span> <span class='ocrx_word' id='word_1_302' title='bbox 787 3929 832 3981; x_wconf 88' lang='grc' dir='ltr'><em>ΝΑ</em></span> <span class='ocrx_word' id='word_1_303' title='bbox 851 3946 897 3996; x_wconf 75' lang='grc' dir='ltr'><em>γε,</em></span> <span class='ocrx_word' id='word_1_304' title='bbox 916 3946 978 3982; x_wconf 85' lang='lat' dir='ltr'><strong>corr.</strong></span> <span class='ocrx_word' id='word_1_305' title='bbox 995 3931 1037 3985; x_wconf 83' lang='lat' dir='ltr'><em>A¹.</em></span> 
     </span>
    </p>
   </div>
   <div class='ocr_carea' id='block_1_4' title="bbox 37 4054 105 4072">
    <p class='ocr_par' dir='ltr' id='par_1_9' title="bbox 37 4054 105 4072">
     <span class='ocr_line' id='line_1_38' title="bbox 37 4054 105 4072; baseline 0 0"><span class='ocrx_word' id='word_1_306' title='bbox 37 4054 105 4072; x_wconf 55' lang='lat'><em>“-</em></span> 
     </span>
    </p>
   </div>
   <div class='ocr_carea' id='block_1_5' title="bbox 0 0 1167 4410">
    <p class='ocr_par' dir='ltr' id='par_1_10' title="bbox 0 0 1167 4410">
     <span class='ocr_line' id='line_1_39' title="bbox 0 0 1167 4410; baseline 0 0"><span class='ocrx_word' id='word_1_307' title='bbox 0 0 1167 4410; x_wconf 95' lang='lat' dir='ltr'><em> </em></span> 
     </span>
    </p>
   </div>
  </div>
 </body>
</html>
