2324 4410
144 157 179 216 30
585 155 768 209 ΔΕΙΝΔΡΧΟΥ

139 325 380 414 ἒβουλήθησαν,
404 323 687 410 μεταβεβλημένον
711 325 746 390 δὲ
769 322 868 392 ούτὸν
890 321 945 390 καὶ
966 325 1025 404 τάς
1046 323 1137 413 ὑπὲρ

140 427 244 515 δήμου
267 427 405 514 πράξεις
427 423 737 512 ἐγκαταλελοιπότα,
760 433 878 492 τοῦτον
894 429 1159 511 περιποιήσαιβ

117 531 260 613 ίλεσθε,
295 527 367 608 ούκ,
397 528 456 596 δάν
485 529 681 616 σωφρονῆτε
710 529 764 594 καὶ
790 528 898 606 καλῶς
926 530 980 595 καί
1009 527 1094 614 ὑπὲρ
1119 525 1140 596 ὗ

138 630 243 698 αὐτῶν
275 632 329 697 καλ
357 633 414 718 τής
444 628 574 707 πόλεως
599 628 820 716 βουλεύησθε·
854 627 939 696 άλλοὶ
975 629 1123 710 δέξασθε

136 732 267 820 ἀγαθήν
293 732 406 819 τύχην,
435 730 456 820 ἣ
484 730 745 820 τιμωρήσασθαι
772 732 944 816 παρέδωκε
972 739 1038 798 τῶν
1061 729 1158 819 ῥητό

135 835 212 913 τούς
234 834 294 924 τήν
316 835 416 901 πόλιν
440 833 496 900 διά
518 832 578 918 τήν
608 830 715 901 οὔτῶν
738 834 941 918 δωροδοκίαν
963 834 1126 924 ταπεινήν

135 938 333 1022 ποιηκότας,
356 936 411 1004 καλ
433 933 644 1022 φυλάξασθε,
674 935 829 1021 καθάπερ
853 936 885 1002 σί
907 939 984 1004 θεολ
1006 935 1151 1026 προειρή

136 1063 188 1106 σιν
212 1037 289 1120 ύμῖν
313 1039 345 1106 ἒν
367 1049 441 1117 ταῖς
463 1035 635 1121 μαντείαις
657 1037 827 1118 πολλάκις,
850 1035 928 1117 τούς
944 1034 1157 1127 τοιούτουςή

134 1142 238 1224 μόνας
252 1143 305 1208 καὶ
322 1141 538 1226 συμβούλους.
572 1133 732 1208 ἆκούσατε
755 1140 791 1209 δὲ
813 1138 939 1231 αὐτῆς
960 1143 1018 1227 τῆς
1040 1147 1161 1225 μαντεί

133 1243 224 1329 Λέγε
245 1242 305 1332 τήν
327 1250 495 1328 μαντείαν.

575 1331 763 1384 ΜΔΝΤΕΙΔ.

83 1507 124 1568 99
219 1501 300 1577 Πῶς
319 1487 375 1564 σύν
392 1504 471 1582 μίαν
490 1497 619 1583 γνώμην
637 1498 760 1582 ἕξομεν,
784 1489 1010 1582 ὦἎθηναῖοι,
1034 1501 1109 1577 πῶς
1126 1497 1144 1566 ό

134 1599 295 1688 νοήσομεν
319 1597 464 1677 ἅπαντες
486 1597 570 1684 ύπὲρ
591 1607 658 1666 τῶν
689 1603 781 1687 κοινή
804 1599 1049 1686 συμφερόντων,
1075 1596 1153 1668 όταν

134 1701 289 1792 ήγεμόνες
310 1702 364 1769 καὶ
387 1702 419 1768 οἱ
443 1703 629 1788 δημαγωγοὶ
652 1701 800 1787 χρήματα
822 1702 1045 1787 λαμβάνοντες
1059 1704 1159 1787 noo*

131 1831 187 1872 ται
216 1803 257 1871 τὰ
285 1807 343 1891 τῆς
365 1805 526 1890 πατρίδος
552 1808 779 1890 συμφέροντα,
807 1806 862 1870 καὶ
891 1800 984 1888 ὑμεῖς
1012 1804 1071 1888 μέν
1100 1804 1153 1874 καί

133 1908 237 1995 δήμος
260 1902 350 1983 άπος
371 1905 540 1992 κινδυνεύῃ
563 1907 641 1988 περί
664 1909 722 1973 τοῦ
746 1905 890 1991 ἐδάφους
911 1913 971 1972 τοῦ
992 1908 1051 1994 τῆς
1072 1906 1120 1973 πό

129 2012 183 2076 καί
213 2012 278 2074 τῶν
308 2008 403 2092 ίεριῦν
431 2010 495 2074 τῶν
525 2003 690 2094 πατρῴων
719 2007 774 2075 καλ
801 2010 933 2074 παίδων
955 2011 1008 2075 καὶ
1031 2035 1111 2093 γυνοι
1150 2055 1152 2059 .

131 2112 164 2178 οί
193 2112 228 2178 δὲ
257 2110 488 2198 διηλλαγμένοι
516 2110 603 2194 πρὸς
632 2107 752 2188 αύτούς
781 2109 815 2176 ἐν
840 2112 901 2193 μὲν
923 2121 997 2189 ταῖς
1020 2108 1160 2205 έκκλησίι

132 2216 350 2298 λοιδορῶνται
375 2214 429 2278 καί
453 2211 705 2297 προσκρούωσιν
728 2210 884 2299 ἀλλήλοις
907 2208 1155 2300 ἓξεπίτηδες,λί

132 2317 167 2382 δὲ
188 2311 292 2382 ταύτὰ
313 2315 506 2401 πράττωσιν
529 2314 755 2394 ἐξαπατῶντες
782 2309 867 2399 ύμᾶς
889 2316 966 2394 τούς
992 2317 1099 2403 ῥᾷστα
1125 2342 1146 2385 νι

58 2425 118 2487 100
131 2424 299 2502 θομένοος
320 2422 392 2495 τοῖς
412 2416 538 2485 τούτων
561 2417 689 2501 λόγοις,
711 2424 745 2486 τί
765 2417 826 2503 γάρ
850 2417 922 2485 ἐστι
943 2417 1083 2506 ῥήτορος
1103 2418 1139 2507 δη

76 2536 119 2586 103
129 2523 221 2588 τικοῦ
243 2518 298 2586 καὶ
318 2522 499 2602 μισοῦντος
520 2519 597 2598 τούς
616 2520 621 2606 Ι
640 2519 723 2586 κατὰ
738 2526 797 2608 τῆς
819 2521 949 2598 πόλεως
973 2520 1126 2605 λέγοντας

130 2622 335 2710 γράφοντας,
368 2615 389 2709 ἢ
416 2627 449 2687 τί
478 2645 563 2708 φασι
590 2622 668 2700 τούς
695 2621 761 2706 πρὸ
785 2621 876 2712 ήμῶν
898 2621 1124 2708 γεγενημένους

129 2723 343 2811 Δημόσθενες
358 2725 411 2790 καί
423 2723 620 2804 Πολύευκτε,
638 2724 799 2791 διατελεῖν
815 2726 1005 2802 ποιοῦντος,
1028 2727 1114 2792 καλτ

129 2825 265 2904 οόδενδς
288 2826 398 2892 δεινοῦ
419 2824 495 2892 τότε
516 2825 575 2911 τήν
598 2824 698 2892 πόλιν
721 2825 993 2913 περιεστηκότος,
1016 2823 1055 2894 ού
1077 2852 1085 2892 ι

129 2922 311 3016 ἀλλήλους,
345 2924 404 2994 οὐκ
432 2926 649 3012 εἰσαγγέλλειν
656 2957 669 3011 ‚-
702 2921 741 2993 οὗ
762 2927 956 3014 γράφεσθαι
978 2953 1081 3014 ποραι

130 3030 221 3099 έστιν
251 3018 308 3095 οὗν
338 3025 357 3094 ό
385 3054 419 3096 τι
446 3029 653 3118 πεποιήκατε
683 3029 808 3097 τούτων
837 3026 929 3116 ύμεῖς
958 3030 991 3097 οί
1019 3030 1078 3117 φάι

128 3140 188 3199 τοι”
211 3133 317 3220 δήμου
339 3130 503 3219 κήδεσθαι
521 3130 578 3198 καὶ
598 3131 656 3221 τήν
679 3130 842 3218 σωτηρίαν
865 3130 943 3216 ύμῖν
966 3133 999 3200 όν
1020 3140 1061 3220 τῇ

198 3355 214 3406 6
231 3347 656 3418 βοολήσεσθε,1)οοτεε.-98,
675 3356 691 3406 2
708 3349 876 3420 βουλεύεσθε
894 3353 941 3406 ΝΑ
957 3370 1009 3421 pr„
1032 3369 1063 3408 οο

129 3417 244 3481 δέξεσθε
262 3419 369 3472 Dobree.
393 3449 427 3459 -
451 3423 466 3473 3
484 3414 644 3488 παρέδωκεν
660 3417 742 3490 (ὑμῖν
776 3422 835 3473 mal.
852 3421 989 3476 Maetzner.
1013 3451 1048 3462 -

34 3521 38 3526 ·
128 3489 183 3540 AN.
206 3517 239 3526 -
264 3483 457 3556 5φολάξεσθι
474 3487 581 3541 Dobree.
604 3517 636 3526 —
659 3493 673 3540 Ἰ
698 3477 731 3540 αὖ
757 3504 779 3540 ιτ
797 3489 900 3557 Gruter,
923 3490 955 3542 cf.
974 3491 991 3557 ξ
1010 3493 1052 3546 78.

128 3552 323 3624 ὁμονοήσωμεν
334 3555 365 3609 N.
384 3585 417 3594 -
434 3560 451 3609 4
468 3553 541 3623 ύμεῖτ
557 3557 609 3623 μὲν
626 3552 641 3608 δ
658 3557 738 3624 Αρκ,
756 3561 802 3608 καί
820 3557 878 3611 add.
894 3559 937 3623 A¹‚
954 3557 1036 3658 φήῐοο
1053 3568 1057 3611 ,⁴

127 3626 187 3691 μέν,
204 3630 257 3676 tum
275 3629 336 3676 ante
353 3617 377 3676 ό.
394 3653 428 3661 -
446 3628 461 3677 5
479 3621 628 3677 κινδυνεύοι
645 3625 667 3675 Α
685 3641 723 3692 pr.
741 3625 764 3676 N
782 3642 828 3692 pr„
851 3641 914 3679 corr.
931 3626 1011 3681 AN¹.
1027 3653 1053 3666 -

126 3689 195 3813 ήρρδε
213 3687 273 3813 αύθτ.
291 3695 352 3772 φρει
369 3687 426 3811 ἰήίᾳ
444 3689 477 3775 δέ
493 3694 623 3813 ιρερειφαί
641 3692 806 3812 ωεὶίίνβίφῐεε
829 3723 861 3732 -
881 3690 980 3813 ρόήοότ
996 3693 1045 3747 ΑΝ

164 3777 694 3823 .-ταυτα,αα;τ.
799 3791 832 3801 -
993 3801 1000 3815 .

127 3829 189 3892 100,
207 3830 222 3880 3
237 3821 324 3896 ’ύμιῖν
342 3779 444 3880 Reiskg.
464 3781 533 3882 jv'?
552 3777 695 3881 έστινούύλι
713 3777 789 3884 no..
808 3777 905 3896 λθλῖολς
917 3777 1044 3884 ύνιλλέιλτ

126 3897 173 3949 bet
186 3896 229 3948 ΑΙ.
246 3925 281 3936 -
298 3902 312 3949 ’ί
331 3893 359 3948 οἱ
374 3898 401 3948 in
418 3911 505 3950 rasura
524 3897 567 3950 ΝΞ.
585 3925 619 3935 -
638 3899 653 3949 8
671 3894 736 3963 ἡμῖν
753 3898 775 3949 Α
792 3915 839 3966 pn,
857 3913 921 3954 corr.
940 3898 982 3954 Αἱ.
