2324 4410
395 213 479 266 ΚΑΤΑ
499 212 750 267 ΔΗΜΟΣΘΕΝΟΥΣ.

14 399 27 453 t·
71 397 121 464 τοῖς
137 383 189 468 μὲν
212 381 344 466 σώμασι
367 383 449 467 μετὰ
469 377 687 466 Ἀλεξάνδρου
711 382 767 449 διδ
790 382 868 462 τοὺς
883 383 1018 467 καιροὺς
1033 382 1113 451 άκο-

12 518 29 573 ρ·
72 489 176 558 λονθιῖν
197 479 426 571 ἠναγκάζοντο,
449 495 524 563 ταῖς
548 479 580 550 δ’
607 483 750 563 εὐνοίαις
771 485 854 567 μετὰ
879 489 1034 571 Θηβαίων
1056 485 1112 552 καὶ

25 798 34 837 '¹
70 797 106 862 καί
129 793 198 858 δέκα
228 791 373 859 τάλαντα
403 790 573 869 αἰτοῦντος
600 789 686 858 ὥστε
708 788 840 876 ἀγαγεῖν
863 791 922 880 τὴν
944 787 1108 880 βοήθειαν

25 903 34 981 ἐς
69 905 118 973 τοῖς
133 898 300 980 Θηβαίοις,
325 891 378 960 καὶ
400 897 466 960 τῶν
489 896 699 978 πρεσβευτῶν
723 888 767 971 ὥς
789 896 907 961 τοῦτον
931 892 1108 972 ἐλθόντων,

23 1209 31 1266 ss·
67 1207 167 1288 κηρίον,
205 1197 263 1267 οόκ
291 1198 467 1286 ἐτόλμησεν
499 1196 516 1265 ό
545 1200 664 1285 μιαρὸς
693 1193 789 1278 οὗτος
820 1199 876 1266 καὶ
906 1198 1027 1286 άσεβης
1057 1201 1147 1267 nath

66 1303 271 1390 αἰσχροκερδής
306 1297 373 1369 άπὸ
407 1305 471 1369 τῶν
501 1303 635 1368 πολλῶν
663 1302 836 1388 χρημάτων
866 1296 911 1366 ὦν
943 1296 1006 1383 εἶχε
1036 1301 1113 1367 δέκα

10 2055 27 2074 π-
62 2019 203 2104 γινῆσθαι
217 2022 439 2104 Δημοσθένης
460 2016 516 2083 καὶ
538 2013 558 2103 ἦ
582 2014 700 2082 τούτου
724 2012 942 2102 φιλαργυρίας
965 2011 1112 2103 ἢπροσ-

18 2138 25 2179 ’.
63 2117 130 2205 ήκειν
151 2113 249 2185 αὐτὸν
273 2112 333 2204 ὑφ’
351 2113 443 2199 ὑμῶν
467 2116 559 2186 ἐλέου
582 2113 671 2195 τινὸς
693 2115 861 2203 τυγχάνειν
884 2119 1022 2184 τοιαῦτα
1038 2118 1111 2183 δια-

10 2261 23 2278 r·
61 2227 287 2308 πεπραγμένον,
323 2218 400 2288 ἀλλ’
432 2219 470 2286 οὐ
500 2223 559 2309 τῆς
588 2219 724 2306 ἐσχάτης
753 2227 915 2305 τιμωρίας
944 2222 997 2287 καὶ
1027 2215 1111 2303 ὑπὲρ

10 2342 22 2374 a
60 2331 110 2390 τῶν
130 2326 183 2390 νῦν
205 2325 259 2390 καὶ
282 2319 366 2407 ὑπὲρ
389 2325 455 2389 τῶν
471 2323 634 2408 πρότερον
649 2328 868 2409 γεγενημένων
885 2317 1093 2408 ἀδικημάτων
1101 2350 1112 2403 ,·

10 2461 20 2499 χ
60 2420 237 2492 άκοόσονται
259 2423 318 2511 τὴν
341 2430 457 2510 κρίσιν,
482 2409 510 2489 τό
530 2422 720 2511 Ἀθηναῖοι,
743 2424 801 2514 τὴν
825 2418 883 2510 ἐφ’
901 2420 991 2507 ὑμῶν
1016 2424 1048 2490 ἐν
1071 2427 1113 2512 τῇ

10 2534 19 2588 t¹
58 2525 180 2613 τήμερον
202 2523 539 2614 ἡμέρηιγεγενημένην
562 2526 685 2605 πάντες
700 2524 895 2611 άνθρωποι·
920 2527 1113 2616 θεωρήσου-

14 2636 19 2659 ’
59 2649 100 2694 οιν
125 2624 206 2713 ὑμᾶς
235 2629 312 2707 τοὺς
342 2627 527 2713 κρίνοντας,
563 2625 656 2706 ὅπως
681 2621 812 2716 χρῆσθε
840 2636 888 2715 τῷ
910 2628 952 2696 τὰ
974 2632 1112 2695 τοιαῦτα

58 2728 332 2818 διαπεπραγμένῳ.
370 2727 462 2813 ὑμεῖς
486 2724 566 2798 ἐσθ’
585 2730 618 2797 οἱ
641 2730 697 2797 διὰ
719 2731 837 2817 πολλῷ
859 2732 925 2796 τῶν
946 2728 1014 2797 ὖπδ
1037 2729 1147 2796 τού-21

13 2872 17 2886 ‚
56 2855 104 2898 που
129 2840 370 2920 πεπραγμένων
401 2828 610 2919 άδικημάτων
635 2831 758 2899 ἐλάττω
781 2832 924 2917 μεγάλας
945 2833 1000 2897 καὶ
1024 2827 1112 2898 άπα-

10 2987 15 2995 .
56 2933 217 3022 ροιτήτονς
241 2936 341 3012 ἐνίοις
364 2932 610 3027 ἐπιτεθεικότες
635 2939 805 3017 τιμωρίας.
850 2930 943 3016 ὑμεῖς
965 2938 1113 2999 Μένωνα

10 3090 15 3099 ,
53 3036 103 3116 μὲν
123 3039 178 3106 τδν
200 3037 380 3123 μυλωθρὸν
404 3033 626 3116 ἀπεκτείνατε,
651 3035 738 3102 διότι
759 3037 868 3103 παῖδα
887 3035 1062 3119 ἐλεύθερον
1079 3037 1113 3104 ἐκ

53 3140 210 3228 Πελλήνης
233 3141 325 3223 ἐσχεν
348 3138 451 3227 ἐντῷ
473 3141 615 3223 μυλῶνι·
656 3142 834 3222 Θεμίστιον
865 3138 901 3204 δέ
930 3137 987 3203 τόν
1013 3133 1113 3226 Ἀφι-

10 3307 11 3312 ,
53 3237 164 3330 δναῖον,
181 3242 269 3310 διότι
283 3241 343 3330 τὴν
356 3236 480 3308 Ῥοδίαν
495 3246 729 3327 κιθαρίστριαν
745 3237 878 3325 ὕβρισεν
891 3235 1110 3319 Ἐλευσινίοις,

48 3343 176 3433 θανάτῳ
203 3342 415 3430 ἐζημιώσατε,
445 3336 645 3425 Εὐθύμαχον
669 3344 714 3423 δέ,
746 3341 834 3410 διότι
855 3339 914 3429 την
935 3338 1112 3410 Ὀλυνθίαν

47 3446 217 3534 παιδίσκην
234 3447 368 3533 ’ἔστησεν
385 3442 443 3512 ἐπ’
462 3443 648 3532 οἰκήματος.
682 3442 737 3510 διὰ
753 3444 789 3510 δέ·
810 3447 927 3511 τοῦτον
949 3442 1007 3513 τὸν
1029 3447 1147 3526 προ-2

111 3621 126 3671 3
143 3634 198 3685 squ.
218 3617 250 3668 ct.
269 3616 345 3667 lsocr.
363 3614 428 3679 XIV,
443 3618 473 3668 15
492 3630 518 3680 p.
530 3616 607 3667 2990.
626 3642 659 3651 —
679 3618 693 3666 5
712 3616 767 3666 τοῖς
784 3614 853 3678 (sict)
872 3613 931 3665 τῶν
947 3614 969 3664 Α
985 3630 1032 3680 pr..
1050 3629 1113 3665 corr.

46 3677 83 3737 δ’.
103 3714 135 3724 -
153 3686 195 3750 21,
215 3687 229 3737 3
247 3678 459 3752 ὑποφαινούσας,
479 3681 574 3732 Wurm.
593 3711 626 3719 —
643 3681 717 3745 223
737 3678 867 3749 φιλαρχία
884 3684 906 3733 A
924 3697 970 3748 pr.‚
990 3697 1053 3733 corr.
1070 3681 1114 3732 A¹.

47 3773 78 3786 “
101 3757 115 3806 5
136 3757 182 3805 καὶ
201 3749 269 3820 ὑπὲρ
287 3751 346 3803 τῶν
363 3751 415 3802 νῦν
433 3766 482 3802 cm.
501 3749 532 3802 N.
557 3779 589 3787 -
611 3748 657 3812 23,
678 3755 689 3802 1
710 3745 822 3802 πολλῶν
839 3750 861 3800 Α
880 3764 917 3814 pr.
940 3749 1027 3814 Npr.‚
1051 3764 1114 3800 corr.

44 3812 86 3883 N²‚
113 3822 139 3872 in
161 3823 183 3872 A
202 3841 220 3873 ν
244 3835 351 3872 erasum.
376 3848 407 3856 —
435 3812 583 3885 5μόλωνι;
609 3832 672 3869 corr.
691 3817 763 3869 Turr.
788 3846 821 3856 -
850 3813 997 3885 ἀφνιδαῖου
1020 3817 1042 3867 Α
1067 3833 1114 3882 pr.‚

46 3896 107 3941 corr.
118 3890 160 3942 A¹.
179 3918 210 3928 -
230 3892 244 3939 7
263 3886 382 3952 θανάτῳ
403 3883 572 3953 ἐζημιώσατε
590 3890 708 3950 suspecta
726 3885 836 3937 Blassio.
854 3915 887 3923 -
905 3887 920 3950 ξ
937 3883 975 3938 24
993 3899 1112 3953 expressa

44 3962 75 4004 ex
86 3953 263 4020 Demosthene,
281 3955 407 4007 Aeschine
426 3954 473 4020 (111,
488 3955 555 4020 133),
573 3953 707 4017 stratocle,
727 3953 758 4004 ct.
774 3953 976 4019 Agatharchides
989 3968 1030 4020 ap.
1040 3953 1118 4006 Phot.
