2324 4410
122 192 162 249 14
570 194 751 247 ΔΕΙΝΔΡΧΟΥ

117 358 221 444 χίλιοι
243 362 447 443 μέδιμνοι
469 369 528 427 τοῦ
550 360 701 429 ἐνιαυτοῦ
722 364 836 444 πυρῶν
853 357 1099 429 ἀποστέλλοντι

68 473 109 532 44
120 457 196 529 οὔδ’
222 459 302 528 όποι
322 462 492 548 καταφύγῃ
516 459 631 529 αὐτίκα
655 462 795 550 φέσουτι
818 457 920 545 εἶναι,·
954 456 977 549 ἢ
998 463 1038 527 τὸ
1061 488 1099 549 γρ

122 563 357 650 Ταυροσθένην
383 561 565 650 Ἀθηναῖον
596 559 696 643 εἶναι,
725 565 802 642 τοὺς
829 563 888 644 μέν
917 560 1017 631 αὖτοῦ
1047 588 1096 630 πο

116 665 468 750 καταδουλωσάμενον,
498 668 557 753 τῆς
580 663 613 730 δ’
637 662 782 750 Εὖβοίας
805 663 882 752 όλης
903 666 987 748 μετὰ
1008 669 1069 732 τοῦ
1095 699 1099 730 ι

117 771 183 853 φοῦ
213 769 360 833 Καλλίου
395 767 562 855 προδότην
598 769 763 856 Φιλίππῳ
797 773 1026 854 γεγενημένους
1062 766 1099 833 ὃν

117 871 217 937 έυῖσιν
247 871 280 935 οἱ
309 870 406 951 νόμοι
435 873 492 955 τῆς
517 869 705 955 Ἀθηναίων
733 870 840 953 χώρας
867 870 1067 955 έπιβαίνειν,

116 972 177 1058 μή,
207 985 279 1052 τοῖς
308 967 421 1050 αάτοῖς
450 973 561 1056 ἔνοχον
590 967 675 1040 εἶναι
702 969 888 1039 κελεύουσιν
919 968 1039 1058 οἷσπερ
1070 971 1099 1039 άι

115 1077 181 1141 τῶν
209 1072 396 1160 φευγόντων
425 1074 460 1153 ἐξ
485 1073 616 1157 Ἀρείου
639 1074 748 1159 πάγου
771 1080 873 1161 κατίῃ.
912 1076 966 1140 καὶ
988 1077 1099 1141 τοῦτον

64 1184 104 1244 45
114 1201 172 1254 τος
200 1173 217 1242 ό
249 1176 423 1258 δημοτικός
451 1174 608 1259 ὑμέτερον
641 1178 764 1262 ἔγραψε
792 1179 931 1265 πολίτην
961 1171 1056 1245 εἶναι.

113 1277 238 1344 τούτων
261 1265 319 1345 οὖν
341 1278 507 1364 μάρτυρας
529 1274 605 1362 ὑμῖν
629 1278 680 1344 δεῖ
700 1281 819 1357 καλεῖν,
843 1272 864 1367 ἢ
886 1279 1052 1362 περὶτῶν
1076 1278 1098 1344 ἀ

115 1376 213 1457 όσους
243 1372 340 1458 οὗτος
372 1385 514 1465 γέγραφε
545 1379 725 1463 προξένους
762 1373 847 1446 εἶναι
880 1382 934 1446 καὶ
961 1375 1099 1466 Ἀθηναι

61 1498 90 1548 96
110 1477 232 1569 (εἶτα),
267 1481 353 1565 πρὸς
380 1484 440 1569 τῆς
465 1481 469 1566 Ι
492 1479 657 1567 Ἀθηνᾶς,
685 1481 802 1547 σ’ίεσθε
825 1479 923 1547 αὐτόν
946 1475 1099 1566 ἀργύριον

110 1589 235 1667 χαίρειν
265 1583 489 1668 λαμβάνοντα,
521 1590 658 1668 χρυσίου
691 1581 723 1648 δ’
755 1583 859 1650 ε’ίκοσι
888 1582 1033 1649 τάλαντα
1062 1580 1099 1652 οὗ

112 1689 242 1770 λαβεῖν,·
265 1682 286 1770 ἢ,
307 1685 390 1752 κατὰ
410 1685 527 1770 μικρὸν
548 1686 608 1769 μέν
632 1688 838 1768 δωροδοκεῖν,
863 1680 990 1771 ἀθρόον
1010 1682 1043 1753 δ’
1062 1683 1099 1756 οὗ

110 1789 366 1871 προσδέξασθαι
387 1796 578 1854 τοσοῦτον
601 1790 731 1874 λῆμμα,·
753 1782 774 1875 ἢ
796 1788 854 1855 τίν
878 1789 912 1868 ἐξ
922 1784 1054 1872 Ἀρείου
1070 1815 1099 1858 π

107 1890 227 1977 βουλήν
256 1895 476 1977 Δημοσθένην
503 1893 556 1958 καὶ
585 1890 745 1977 Δημάδην
774 1893 826 1956 καί
853 1896 1099 1979 Κηφισοφῶντα

106 1994 255 2081 τησασαν
279 1996 315 2072 ἓξ
334 1995 438 2079 μῆνας
461 1992 582 2071 ἀδίκως
606 1993 652 2071 εἰς
674 1989 758 2076 ὑμᾶς
780 1997 996 2080 πεποιῆσθαι
1017 1995 1099 2074 τάςι

107 2096 244 2182 φάσεις,

58 2204 98 2267 46
192 2199 330 2277 Πολλοί,
354 2188 380 2262 ὦ
402 2196 532 2281 ἀνδρες,
556 2198 676 2263 πολλοὶ
699 2200 764 2262 τῶν
787 2200 933 2264 πολιτῶν
956 2201 1008 2264 καί
1031 2202 1098 2269 ταῖν

107 2301 172 2366 λων
192 2295 363 2389 Ἑλλήνων,
388 2295 470 2382 ὅπερ
493 2301 546 2366 καί
570 2299 732 2383 πρότερον
756 2295 861 2381 εἶπον,
884 2305 1071 2384 θεωροῦσιν
1092 2329 1099 2368 ι

106 2403 180 2479 πῶς
202 2404 318 2466 τοῦτον
342 2400 490 2468 δικάσετε
513 2400 570 2468 τόν
593 2399 719 2487 ἀγῶνα,
757 2403 810 2468 καί
840 2401 981 2485 πότερον
1006 2403 1099 2491 είσσγ

105 2527 188 2586 μους
210 2503 263 2570 καὶ
286 2502 345 2580 τὰς
366 2506 431 2569 τῶν
455 2501 562 2569 ἀλλων
586 2504 788 2586 δωροδοκίας
810 2501 983 2593 ποιήσετε,
1016 2497 1038 2593 ἢ
1061 2499 1099 2573 ἀν

106 2605 236 2684 ἐξέσται
260 2607 350 2688 δοῖρα
372 2605 551 2689 λαμβάνειν
573 2604 655 2672 καθ’
680 2604 771 2689 ὑμῶν
793 2611 849 2672 καί
870 2605 911 2671 τά
934 2607 1098 2692 πρότερον

104 2711 223 2774 κοῖντα
245 2708 351 2775 πιστὰ
379 2710 431 2774 καὶ
460 2713 580 2792 βέβαια
610 2703 774 2776 εἶναινῦν
797 2705 1099 2798 άπισταδιάτὴνι

103 2816 290 2890 μοσθένους
311 2808 418 2894 κρίσιν
440 2809 626 2899 γενήσεται,
656 2807 700 2876 όν
729 2810 763 2877 ἐκ
791 2819 856 2878 τῶν
880 2808 988 2878 ἀλλων
1011 2827 1099 2896 προσ,

103 2908 315 2978 ἀπολωλέναι
339 2919 404 2977 τάν
427 2914 717 2994 πεπολιτευμένων
741 2906 840 2999 αάτηῖ,
871 2911 907 2991 ὃς
930 2902 1099 2995 άπάσαις,

103 3011 200 3097 ἀραῖς
228 3017 302 3090 ταῖς
331 3012 364 3080 ἒν
392 3020 432 3100 τῇ
460 3014 559 3080 πόλει
586 3020 793 3098 γινομέναις
821 3014 933 3096 ἔνοχος
960 3021 1099 3104 καθίστη

52 3123 92 3183 47
103 3114 315 3202 ἐπιωρκηκώς
345 3114 405 3199 μέν
433 3116 492 3195 τὰς
520 3116 642 3198 σεμνάς
670 3116 754 3195 θεάς
783 3116 816 3185 έν
843 3115 964 3205 Ἀρείῳ
994 3120 1086 3205 πάγυ

101 3218 177 3297 τοὺς
200 3215 319 3296 ἀλλους
342 3219 445 3298 θεοδς
467 3217 525 3298 οὓς
548 3220 613 3286 ἐκεῖ
635 3218 839 3303 διόμνυσθαι
856 3219 996 3304 νόμιμόν
1012 3221 1056 3289 έο

168 3462 184 3512 9
206 3454 312 3526 μόδιοιε
336 3474 399 3510 corr.
418 3459 526 3511 Gibbon.
551 3490 584 3499 -
609 3463 640 3513 10
658 3451 713 3524 όπη
731 3462 753 3511 Α
772 3491 804 3499 -
823 3457 964 3532 καταφυγὴ
981 3461 1012 3517 Ν.
1035 3491 1038 3500 ·

116 3523 205 3595 ράφαι
223 3527 272 3579 del.
285 3526 386 3590 Reiske‚
400 3542 449 3578 om.
463 3531 480 3579 t.
499 3557 533 3565 -
551 3531 566 3580 2
584 3523 669 3596 (τὸν)
686 3526 748 3580 τοὺς
759 3528 845 3580 Baiter
862 3558 895 3566 —
914 3525 1009 3582 αὐτοῖς
1028 3547 1036 3581 ι

98 3545 188 3646 Aere
207 3599 221 3646 ’ί
240 3599 329 3646 κατίοι
345 3595 375 3646 A.
394 3625 426 3633 -
443 3594 489 3658 45,
507 3598 524 3647 4
542 3595 601 3647 εἶτα
619 3596 676 3647 add.
689 3596 813 3648 Gebauer.
831 3627 864 3635 -
883 3602 897 3649 ’ί
916 3597 1027 3651 roim:

99 3692 132 3702 —
157 3666 171 3716 8
196 3658 275 3730 (Aa)
297 3664 328 3713 Δ.
345 3664 427 3718 Blass.
450 3693 483 3702 -
506 3663 552 3727 46,
573 3668 585 3718 1
610 3662 690 3731 (καί)
707 3665 766 3716 τῶν
784 3682 813 3716 π.
831 3665 903 3717 malit
921 3665 1029 3718 Eluas.-

11 3766 13 3770 -
99 3749 179 3801 τερυν
196 3732 218 3781 A
236 3747 286 3796 pr„
310 3746 395 3796 [usura
415 3747 477 3783 corr.
500 3761 535 3771 -
557 3735 574 3784 4
591 3729 640 3783 τὰε
656 3729 726 3784 κατὰ
743 3732 802 3784 τιῖν
820 3733 851 3798 Ν,
869 3734 900 3784 cf.
920 3734 938 3785 G
955 3750 980 3801 p.
997 3737 1026 3788 12

99 3795 150 3864 δην
167 3799 198 3850 N.
217 3828 251 3836 -
267 3803 281 3851 7
301 3797 342 3850 ὡν
359 3799 404 3850 ΝΑ
421 3816 467 3865 pr„
485 3800 510 3850 in
528 3801 550 3850 A
569 3815 655 3852 rasura
675 3816 738 3852 corr.
756 3831 790 3839 -
808 3805 823 3854 9
841 3804 1008 3870 γενομένοισι

98 3867 145 3919 ker
166 3896 199 3905 -
219 3883 314 3921 ....οε
334 3868 355 3917 Α
374 3883 424 3934 pr.‚
446 3870 537 3930 ένοχοε
553 3868 596 3918 A¹.
621 3897 653 3906 -
682 3867 725 3933 47,
746 3872 757 3920 1
778 3867 937 3937 έπιορκικώε
954 3869 976 3921 Ν
994 3886 1020 3936 pl

98 3933 180 3986 κικιδε
197 3934 240 4000 N¹,
257 3932 422 4006 ἑπισρκηκώε
439 3937 461 3987 Α
475 3950 521 4001 με,
540 3952 603 3989 corr.
615 3935 693 3987 N²A2.
712 3966 745 3974 -
764 3939 779 3989 2
798 3934 860 3987 τοὺς
877 3952 951 4004 supra
970 3953 1015 3989 ver
