2324 4410
90 198 130 256 42
280 208 294 225 ”
459 274 465 291 N
538 199 719 255 ΔΕΙΝᾸΡΧΟΥ

88 373 168 452 μόνη
197 363 280 450 παρ’
311 365 387 448 ὑμῖν
416 369 509 432 δυοῖν
539 367 682 449 θάτερον
715 367 749 433 ἐκ
783 369 841 434 τοό
880 369 1001 433 λοιποῦ
1038 362 1159 448 χρόνον

37 485 80 537 108
89 470 226 554 ποιήσει
247 470 323 547 τούς
346 467 480 548 ἀλλους,
509 462 529 557 ή
551 450 701 554 χρήματα
725 466 902 552 λαμβάνειν
924 466 1008 536 καθ’
1037 469 1052 550 Ι.
1069 461 1143 548 ἀμ’

88 575 296 654 θαρροῦντας
319 569 364 650 αῖς
387 571 425 635 υό
449 570 615 647 δώσοντας
640 572 739 655 δίκην,
763 564 784 658 ἢ
806 577 992 656 φοβεῖσθαι
1015 568 1055 636 τὸ
1080 569 1147 653 λαμ

87 674 198 756 βάνειν
228 669 272 750 ὦς
301 675 360 760 τής
386 671 546 755 τιμωρίας
568 683 638 749 τοῖς
661 675 843 758 ληφθεῖσιν
866 671 959 752 ἀξίας
981 675 1146 756 γενησομό

36 781 144 861 23νης
172 777 237 839 τῶν
266 769 484 856 ἀδικημάτων.
534 773 592 840 οὐκ
619 774 697 840 ἴσθ’
722 771 775 840 ότι
802 777 854 840 καὶ
885 777 939 841 νῦν
966 769 984 838 ό
1009 766 1161 860 φόβοςδ

86 872 171 960 παρ’
196 875 286 957 ὑμῶν
309 875 385 952 τοός
409 872 579 958 ὁρμῶντας
602 876 658 942 ἐπὶ
680 876 721 941 τά
737 871 819 942 καθ’
838 872 929 965 ήμῶν
945 872 1069 958 ήκοντα
1082 870 1145 957 χρ’

85 1006 172 1062 ματα
196 977 276 1067 [νόν]
303 975 446 1062 ἀνείργει
473 981 528 1044 καλ
557 988 651 1045 ποιεῖ
672 978 832 1056 πολλάκις
855 974 923 1045 ἀπὸ
946 981 1004 1044 τοῦ
1027 976 1147 1066 λήμμα

85 1106 141 1158 τος
164 1080 398 1163 ἀποστρέφειν,
428 1082 481 1144 καὶ
504 1079 542 1144 τό
568 1079 730 1166 ψήφισμα
751 1082 811 1146 τοῦ
835 1079 954 1166 δήμου,
985 1075 1024 1143 τὸ
1049 1079 1160 1165 ζητεῖν

83 1183 144 1269 τήν
172 1182 295 1268 βουλήν
325 1182 403 1267 περὶ
432 1179 556 1248 τοότων
584 1186 650 1247 τῶν
685 1181 857 1267 χρημάτων
891 1180 1159 1264 προσταίττον,Ι

85 1279 161 1350 οὐδὲ
189 1284 266 1361 τούς
296 1282 507 1363 κεκομικότας
536 1283 574 1348 τὸ
596 1283 729 1364 χρυσίον
754 1284 799 1362 εἷς
820 1283 879 1372 τήν
900 1283 1008 1366 χώραν
1034 1277 1100 1364 δμο
1128 1315 1133 1337 2

13 1390 152 1469 .24γεῖν
175 1392 356 1469 πεποίηκε,·
389 1386 495 1462 καλῶς
517 1386 587 1468 γάρ,
611 1374 851 1470 αῖἈθηναῖοι,
880 1387 987 1461 καλῶς
1015 1383 1049 1448 οῖ
1071 1378 1142 1466 πρό

83 1511 176 1570 γονοι
208 1489 286 1570 περὶ
318 1483 444 1552 τούτων
477 1486 707 1572 ψηφισάμενοι
742 1487 860 1574 στήλην
895 1486 940 1564 εἷς
969 1481 1146 1568 ἀκρόπολι

84 1584 270 1674 ἀνήνεγκαν,
296 1585 351 1655 ὅτε
373 1591 476 1672 φασὶν
492 1585 537 1652 ’Ἀ
543 1594 680 1671 ρθμιον
703 1587 759 1653 τόν
772 1588 1000 1664 Πυθώνακτος
1022 1586 1081 1652 τὸν
1093 1592 1127 1656 Ζ
1137 1636 1147 1660 2

84 1693 193 1776 λεῖτην
216 1693 350 1771 κομίσαι
371 1690 409 1754 τό
431 1697 566 1772 χρυσίον
595 1688 629 1756 ἐκ
651 1689 780 1777 Μήδων
811 1690 866 1756 ἐπὶ
891 1691 1067 1776 διαφθορᾷ
1088 1701 1159 1769 τῶ,

79 1787 249 1879 Ἑλλήνων.
294 1791 373 1874 πρὶν
395 1793 457 1875 γὰρ
481 1791 593 1874 λαβεῖν
615 1817 708 1869 τινας
730 1795 784 1857 καὶ
807 1793 922 1857 δοῦναι
942 1794 1001 1857 τοῦ
1024 1791 1151 1873 τρόπου

82 1905 216 1976 πεῖραν,
252 1895 356 1977 φυγήν
390 1901 449 1958 τοῦ
482 1900 679 1973 κομίσαντος
706 1893 745 1959 τὸ
772 1891 919 1976 χρυσίονΙ
937 1893 1148 1983 καταγνόντες

83 1995 243 2082 ἐξήλασαν
268 1995 366 2061 αὐτὸν
391 1996 425 2074 ἐξ
445 1992 578 2079 ἀπάσης
598 1998 659 2082 τῆς
673 1995 792 2077 χώρας.
828 1999 880 2061 καλ
897 1989 1012 2074 ταῦθ’,
1037 1991 1144 2083 ὥσπερ

84 2095 194 2177 εἶπον,
225 2097 271 2175 εἷς
299 2095 355 2181 τήν
387 2095 569 2179 ἀκρόπολιν
599 2097 647 2176 εἷς
676 2098 796 2184 στήλην
823 2097 942 2185 χαλκήν
964 2095 1120 2181 γράψαντι

83 2197 256 2271 ἀνέθεσαν,
281 2200 492 2282 παράδειγμα
514 2196 590 2281 ὑμῖν
613 2212 683 2276 τοῖς
705 2199 945 2284 ἐπιγινομένοις
967 2200 1111 2268 καθιστά

81 2327 149 2382 τες,
183 2303 235 2366 καλ
266 2300 453 2382 νομίζοντες
482 2300 538 2366 τὸν
567 2297 723 2367 ὁπωσοῦν
755 2301 903 2389 χρήματα
939 2301 1108 2385 λαμβάνον

82 2398 139 2484 οὐχ
167 2400 252 2487 ὑπὲρ
280 2406 337 2488 τῆς
366 2401 496 2479 πόλεως
520 2399 594 2467 ἀλλ’
620 2399 703 2486 ὑπὲρ
726 2406 792 2467 τῶν
816 2403 974 2469 διδόντων
996 2405 1106 2487 βουλεό

33 2507 72 2568 25
82 2511 177 2572 σθαι.
221 2505 275 2571 καὶ
302 2504 393 2591 μόνῳ
421 2504 526 2588 τούτῳ
555 2511 794 2588 προσέγραψαν
823 2504 882 2592 τήν
906 2505 1014 2571 αἰτίαν
1039 2499 1084 2570 δι’

82 2602 99 2672 ό
123 2609 225 2693 δήμος
248 2607 396 2690 ἐξέβαλεν
420 2605 519 2671 αὐτὸν
544 2607 656 2692 ἕντῆς
679 2607 818 2684 πόλεως,
845 2605 1033 2692 γράψαντες
1055 2607 1100 2673 διι

81 2706 179 2795 ρήδην
202 2706 369 2791 ’Ἀρθμιον
399 2708 457 2773 τὸν
480 2708 709 2786 Πυθώνακτος
730 2709 788 2773 τὸν
809 2711 964 2792 Ζελείτην
986 2707 1094 2790 πολὲβ

81 2808 165 2877 εἶναι
186 2815 245 2876 τοῦ
268 2810 373 2896 δήμου
396 2813 449 2875 καλ
473 2813 538 2874 ταῖν
561 2810 747 2892 συμμάχων,
772 2806 870 2875 αὐτὸν
893 2815 946 2876 καλ
968 2815 1092 2892 γένος,Ι

80 2912 209 2996 φεόγειν
235 2911 402 2998 Ἀθήνας,
433 2907 485 2976 ότι
512 2911 568 2976 τὸν
598 2912 632 2979 ἐκ
654 2912 782 2997 Μήδων
810 2908 931 2997 χρυσὸν
960 2909 1076 2996 ἤγαγεν

78 3014 344 3098 Πελοπόννησον.
388 3012 496 3079 καίτοι
525 3014 554 3080 εἰ
579 3013 635 3079 τὸν
659 3016 691 3080 ἒν
715 3014 963 3100 Πελοποννήσῳ
985 3013 1083 3098 χρυσδ

80 3117 182 3200 δῆμος
210 3115 344 3181 πολλῶν
374 3123 479 3181 κακῶν
509 3116 617 3181 αἴτιον
647 3113 758 3202 ήγεῖτυ
786 3120 856 3193 τοῖς
875 3113 1026 3204 Ἕλλησιν
1050 3112 1080 3184 ελ

77 3225 150 3294 παῖς
181 3218 239 3302 χρή
275 3216 435 3303 ῥᾳθύμως
469 3218 551 3298 ἔχειν
586 3208 731 3300 ὃραῖντάς
765 3217 798 3284 ἒν
835 3213 937 3304 αὐτῇ
973 3227 1013 3304 τῇ
1046 3243 1073 3284 π

144 3528 160 3576 4
184 3523 230 3576 ἐπὶ
247 3522 296 3573 τοῦ
314 3523 355 3575 ΑΞ.
374 3552 406 3560 -
425 3527 439 3575 7
457 3527 600 3590 τ..ωρίαε
617 3525 639 3573 Α
657 3539 694 3589 pr.
719 3524 775 3586 (τῆς
792 3523 950 3589 iteraverat),
975 3540 1038 3577 corr.

75 3592 432 3710 Ψομλωθλκωλ
442 3590 483 3709 λ’·
502 3621 533 3630 “
543 3589 624 3709 3³2¹
636 3588 792 3710 mi
806 3589 921 3711 <321³ssssss
933 3594 1015 3711 Αλλ

76 3663 144 3796 πρόξ
160 3679 195 3776 δᾳ
211 3679 386 3779 αἰόδλόόνσοιό.
405 3674 620 3786 {gwy-24,
638 3729 653 3778 3
671 3702 805 3795 ἀρλθμιαν
822 3728 868 3779 ΑΝ
886 3699 1006 3789 -’ζελίτ

76 3811 140 3846 corr.
160 3795 201 3846 ΑΙ.
220 3824 252 3832 -
270 3799 287 3846 4
310 3793 376 3862 <τὸ>
393 3800 423 3845 εκ
442 3795 563 3846 Schmidt.
583 3824 614 3832 —
634 3799 648 3846 ῖ
667 3799 712 3845 καὶ
730 3815 798 3847 τ...
816 3796 838 3845 Α
857 3811 907 3862 pn,
932 3811 995 3847 corr.

76 3864 263 3933 ἐπιγινομένης
281 3866 301 3913 Α
317 3879 362 3928 pn,
381 3879 443 3914 corr.
457 3865 499 3915 ΑΙ.
517 3892 551 3901 -
569 3861 614 3927 25,
632 3866 647 3915 3
666 3859 799 3933 ἀρίθμιον
816 3862 860 3912 ΑΝ
881 3892 912 3902 -
932 3860 1001 3926 ζελίτ

75 3946 138 3982 corr.
149 3931 191 3982 ΑΙ.
209 3961 242 3969 -
260 3933 275 3983 6
293 3931 325 3981 εἰ.
342 3929 392 3982 τὸν
410 3947 458 3982 una
477 3931 515 3984 lit.
534 3945 604 3982 erasa
623 3930 654 3982 N.
672 3960 706 3969 -
725 3934 739 3983 8
757 3928 843 4002 ταύτῃ
860 3929 930 3982 ANt:
953 3946 997 3982 cor
