2324 4410
126 192 166 256 12
351 153 356 166 Ι
574 197 757 250 mmor

126 361 242 435 σποιν’
264 365 393 452 Ἀθηνά
418 365 473 433 καὶ
494 373 560 432 Ζεῦ
582 373 701 449 σῶτερ,
732 364 926 448 συμβούλων
954 369 1009 432 καὶ
1031 362 1073 451 ήγ

72 482 101 534 95
124 466 252 556 ὤφελον
274 477 381 551 τυχεῖν
405 467 437 534 οἱ
459 465 704 553 πολεμήσαντες
722 467 728 551 Ι
746 468 805 554 τήν
827 465 936 546 πόλιν,
960 469 1014 532 καί
1030 492 1075 553 μη

123 569 310 655 βελτιόνων.

75 679 114 742 37
213 670 281 738 Ούκ
303 667 551 759 ἀναμνήσεσθε,
580 662 761 753 ὦάνδρες,
790 671 850 748 τὰς
875 678 941 736 τῶν
964 677 1075 753 πρεσβ

123 772 270 857 πράξεις,
294 776 328 840 οἲ
349 772 498 857 μεγάλων
520 772 576 838 καὶ
598 772 732 838 πολλῶν
753 772 912 839 κινδύνων
927 774 1075 853 καταλαμ

122 901 187 941 των
209 875 270 962 τήν
295 874 395 941 πόλιν
418 869 519 953 ἀξίως
540 882 600 962 τῆς
622 875 786 958 πατρίδος
806 876 861 940 καὶ
884 882 943 961 τῆς
965 874 1074 940 ἓαυτῶ

122 983 240 1063 θερίας
262 980 314 1044 καὶ
339 985 397 1066 τῆς
420 977 516 1063 δόξης
538 984 598 1063 τῆς
621 977 750 1054 δικαίας
771 973 857 1058 ὑπὲρ
878 983 944 1041 τῶν
960 983 1019 1042 τοῦ
1036 977 1075 1060 δη

123 1079 357 1168 συμφερόντων
381 1079 625 1161 ἕκινδύνευσανς
647 1072 693 1145 ῶν
713 1079 790 1155 τούς
804 1081 865 1160 μὲν
882 1073 1039 1161 ἀρχαίους
1055 1078 1075 1143 ἒε

122 1182 245 1266 μακρόν
269 1177 308 1248 ἀν
332 1183 386 1267 εἴη
405 1180 526 1267 λέγειν,
552 1175 756 1266 Ἀριστείδην
778 1185 833 1246 καλ
857 1180 1075 1261 Θεμιστοκλέι

123 1281 340 1369 ὀρθώσαντας
369 1284 410 1350 τά
438 1291 526 1368 τείχη
555 1287 614 1371 τῆς
645 1283 777 1360 πόλεως
806 1282 860 1350 καὶ
887 1283 967 1359 τούς
995 1283 1075 1370 φόρι

123 1386 304 1471 ἀκρόπολιν
342 1381 569 1472 ἀνενεγκόντας
606 1381 691 1470 παρ’
720 1384 861 1452 ἑκόντων
896 1386 952 1451 καὶ
987 1386 1075 1467 βουλι

73 1493 187 1559 38τῶν
212 1485 385 1576 Ἑλλήνων,
416 1483 500 1556 ἀλλὰ
529 1494 624 1554 ταυτί
652 1485 694 1554 τά
719 1488 836 1571 μικρὸν
864 1487 932 1570 πρὸ
955 1490 1012 1576 τής
1035 1484 1075 1574 ήμ

123 1588 253 1679 ήλικίας
280 1597 473 1677 γεγενημένα
501 1587 568 1657 δπό
595 1590 751 1677 Κεφάλου
780 1598 840 1656 τοῦ
867 1589 1005 1678 ῥήτορος
1030 1616 1075 1656 και

123 1717 229 1772 σωνος
261 1702 320 1760 τοῦ
343 1693 492 1777 Ἐρχιέως
525 1695 579 1760 καί
603 1688 771 1761 Ἠλείου
804 1692 892 1780 <καὶ>
920 1690 1075 1776 Φορμισίι

123 1796 241 1881 ἑτέρων
274 1790 402 1880 ἀνδρῶν
435 1793 589 1880 ἀγαθῶν,
631 1791 676 1862 ῶν
705 1795 800 1863 ε’νίων
831 1797 881 1862 ἔτι
914 1799 968 1862 καὶ
1003 1802 1061 1860 νῦν

122 1898 267 1984 σώματα.
305 1897 430 1966 τούτων
452 1899 513 1984 γὰρ
537 1898 570 1965 οἱ
591 1901 652 1980 μὲν
676 1903 922 1984 φρουρουμένης
944 1893 1010 1962 ἀπὸ
1025 1904 1075 1962 At

121 1999 245 2085 μονίων
273 2010 332 2087 τής
358 2002 527 2084 Καδμείας
555 2001 783 2089 βοηθήσαντες
812 2010 884 2077 τοῖς
913 2000 959 2076 εἷς
983 1997 1075 2086 Θήβα

124 2113 212 2170 ιοῦσι
247 2106 312 2169 τῶν
348 2103 503 2189 φυγάδων
539 2108 610 2180 τοῖς
639 2103 737 2180 ἰδίοις
768 2101 929 2177 κινδύνοις
959 2095 1075 2188 ήλευθι

74 2204 222 2272 39πόλιν
246 2204 460 2289 ἀστυγείτονα
488 2207 542 2270 καί
565 2203 672 2270 πολύν
697 2203 813 2290 χρόνον
837 2203 1074 2283 δουλεύουσαν,

123 2315 298 2385 πείσαντες
323 2306 472 2386 ἐξελθεῖν
487 2303 579 2390 ὑμῶν
594 2306 671 2384 τούς
693 2306 944 2392 προγόνους,
968 2305 1075 2392 Κεφάλ

121 2408 284 2498 ψήφισμα
306 2409 505 2493 γράψαντος,
536 2405 572 2488 ός
594 2404 633 2475 ού
654 2410 874 2495 καταπλαγείς
901 2408 959 2495 τήν
981 2416 1075 2477 Λακι

122 2517 199 2577 νίων
223 2511 370 2595 δύναμιν,
395 2505 474 2577 ούδὲ
497 2511 711 2595 λογισάμενος
734 2507 787 2577 ότι
807 2508 847 2576 τό
867 2511 1064 2578 κινδυνεύειν

120 2613 260 2702 γράφειν
283 2611 367 2697 ὑπὲρ
390 2616 448 2702 τής
471 2613 601 2692 πόλεως
620 2613 804 2700 ἐπισφαλές
827 2613 926 2695 ἐστιν,
950 2614 1075 2697 ἔγραψε

122 2740 177 2781 ναι
198 2715 432 2804 βοηθήσοντας
451 2711 656 2802 Ἀθηναίους
678 2729 749 2793 τοῖς
770 2715 988 2802 κατειληφόσι
1007 2723 1074 2782 τῶν

123 2819 187 2884 δων
212 2817 340 2906 Θήβας·
372 2821 426 2884 καλ
456 2816 661 2897 ἐξελθόντων
690 2817 796 2885 ἐκεῖσε
818 2826 882 2882 τῶν
905 2814 1070 2902 ύμετὲρων

122 2945 187 3003 ρων
224 2913 350 3003 ὀλίγαις
379 2914 516 3007 ήμίραις
546 2919 707 3007 ἐξεβλήθη
738 2915 755 2983 ὃ
784 2920 1062 3000 Λακεδαιμονίων

120 3044 252 3105 ραρχος,
283 3016 543 3110 ήλευθέρωντο
569 3025 729 3106 Θηβαῖοι,
762 3023 985 3115 διεπέπρακτο
1007 3015 1027 3106 ή
1049 3047 1075 3086 π

71 3128 111 3187 40
121 3121 258 3206 ὑμετέρα
289 3119 366 3202 ἀξια
396 3125 462 3189 τῶν
492 3122 673 3208 προγόνων.
723 3123 841 3190 ἐκεῖνοι
870 3117 970 3211 ήσαν,
1001 3121 1074 3189 λκεὶι

118 3224 313 3311 Ἀθηναῖοι,
344 3223 433 3304 ἀξιοι
462 3226 643 3309 σύμβουλοι
670 3225 725 3292 καὶ
752 3221 907 3312 ήγεμόνες
935 3219 1024 3308 ὑμῶν
1052 3250 1070 3293 κ

188 3400 202 3448 7
226 3392 325 3465 ὄφελον
343 3395 389 3446 ΝΑ
406 3411 456 3461 φα,
481 3412 543 3448 corr.
562 3396 598 3447 Α2
618 3425 652 3434 -
673 3397 707 3467 τῇ
725 3393 804 3450 πόλει
822 3396 980 3462 Stephanus,
1004 3395 1050 3448 σεδ

119 3464 203 3527 ΧΧΙΙΙ,
218 3466 274 3517 165.
293 3493 324 3501 -
342 3463 414 3528 Bm
434 3458 527 3514 αὐτῶν
539 3466 569 3529 Α,
588 3457 680 3515 αύτῶν
697 3473 715 3518 t.
733 3494 767 3503 -
785 3467 802 3516 4
820 3465 866 3529 τήε
878 3465 976 3517 οἰκείας
987 3464 1062 3516 Μοελδ

44 3537 50 3548 ’
119 3529 238 3584 παλαιᾶς
255 3531 363 3594 Bekker,
382 3531 430 3596 τήν
446 3527 558 3599 ἀρχαίας
572 3532 675 3598 Sauppe
692 3562 726 3570 -
744 3528 830 3598 δήμου
849 3533 879 3597 Ν,
898 3533 962 3584 ολδ
980 3549 1005 3600 p.
1020 3537 1043 3586 7.

120 3619 177 3668 .ρχι
188 3640 194 3653 .
206 3639 212 3653 .
225 3638 231 3650 .
242 3615 278 3650 ωε
294 3600 316 3649 Α
333 3616 379 3666 pn,
398 3616 462 3651 corr.
475 3600 509 3650 Α1
526 3630 561 3639 -
578 3597 667 3664 ἠλιυύε
687 3617 750 3652 εστι.
763 3601 858 3652 Reiske
875 3631 908 3639 —
926 3603 972 3651 καὶ
989 3601 1046 3652 εδδ.

120 3671 271 3736 φαρμησίον
289 3667 320 3719 Ν.
337 3697 371 3706 -
389 3672 406 3721 4
423 3671 498 3733 ζητεῖ
514 3669 536 3718 Α
556 3685 601 3735 με,
620 3669 652 3732 ζή
669 3667 705 3719 τὰ
724 3669 765 3721 3¹.
785 3697 815 3706 -
835 3671 850 3720 6
869 3663 984 3734 ναδμίαε
1003 3669 1024 3720 Ν
1044 3699 1052 3707 -

118 3736 140 3785 Α
159 3751 209 3802 pr„
233 3751 296 3787 corr.
313 3736 355 3789 Αἱ.
379 3766 412 3775 -
434 3736 480 3798 89,
499 3740 514 3789 2
532 3737 619 3787 malim
637 3740 756 3805 πατέρας
773 3766 807 3773 -
824 3731 922 3787 τούτου
939 3735 1011 3787 ANt:
1034 3756 1049 3790 τ

120 3803 152 3857 cf.
171 3806 242 3866 §63.
261 3832 293 3841 -
313 3806 327 3855 3
346 3799 376 3855 ού
396 3821 445 3856 om.
459 3805 480 3856 N
493 3821 539 3871 pr„
556 3805 613 3857 add.
626 3804 669 3856 N2.
688 3835 720 3842 -
738 3807 755 3856 4
773 3799 941 3855 κινδυνεύειν
958 3803 1046 3858 efflet

119 3899 152 3909 -
171 3875 185 3924 5
204 3875 329 3942 ίγραφαν
345 3874 367 3923 Α
386 3889 432 3939 φα,
454 3889 517 3924 corr.
529 3874 571 3924 ΑΙ.
589 3901 623 3910 -
642 3874 657 3922 6
675 3872 735 3923 τῶν
752 3888 827 3938 supra
845 3887 948 3923 versum
961 3872 1005 3927 ΑΙ.
1022 3900 1042 3912 -

118 3939 160 3990 At.
179 3969 212 3978 -
234 3944 249 3993 9
266 3936 467 4009 ἠλευθεροῦντο
484 3940 554 3992 ANt:
573 3955 637 3992 corr.
656 3939 765 3993 Bekker.
783 3970 817 3978 -
837 3943 868 3993 10
886 3934 1003 4008 ἡμετέρα
1020 3939 1040 3991 N
