2324 4410
334 252 418 304 xm
438 231 722 305 ωιετονωτοαού.
777 221 782 232 ’
1023 255 1065 313 39

24 426 60 490 καί
78 417 272 503 ἐξελεγχθεὶς
293 416 436 506 ὀφείλων
457 428 504 506 τῴ
521 422 667 508 δημοσίῳ
685 423 788 506 λέγειν
804 416 863 488 οὐκ
880 422 950 502 ἐξὸν
967 423 1064 510 αὐτῷ,

23 528 59 592 καί
78 522 281 603 παραδοθεὶς
302 533 373 600 τοῖς
396 522 507 589 ἕνδεκα
524 523 606 590 κατὰ
621 522 697 600 τούς
712 523 842 606 νόμους,
866 528 1062 608 περιπατῶν

23 629 187 709 ίμπροσθεν
218 628 282 690 τῶν
313 626 528 710 δικαστηρίων
556 624 612 691 καὶ
640 625 686 703 εἷς
714 623 771 713 τήν
794 628 973 711 προεδρίαν
996 631 1061 694 τῶν

23 726 185 812 πρυτάνεων
210 727 360 808 ἐκάθιζεν
367 757 378 809 ,·

83 822 166 908 Εἶτ’,
191 818 217 893 ὦ
241 826 355 913 άνδρες
373 827 562 915 Ἀθηναῖοι,
587 825 624 895 ὃν
647 829 679 894 οἱ
701 828 797 912 νόμοι
819 829 877 906 μὲν
899 830 1113 909 πολλάκις14

23 931 75 1015 ύμῖν
105 931 362 1015 παραδεδώκασι
389 932 646 1018 τιμωρήσασθαι
674 937 961 1017 κατεψηφισμένον
990 930 1058 998 όπδ

23 1037 66 1099 τόν
85 1035 240 1111 πολιτῶν,
265 1033 538 1114 ἐνδειχθέντα
561 1031 707 1117 φυλάξαι
730 1032 761 1097 δ’
787 1030 867 1099 οὐθ’
892 1034 924 1099 οἱ
947 1033 1059 1101 ἕνδεκα

23 1134 187 1220 δεδύνηνται
210 1133 284 1201 ούτε
305 1133 343 1199 τό
367 1132 599 1219 δεσμωτήριον,
623 1133 729 1220 τούτῳ
751 1133 1060 1219 βουλήσεσθεσυμό-

23 1235 104 1322 ίσύλφ
123 1238 288 1321 χρήσθαι,·
322 1238 376 1301 καί
405 1233 423 1300 δ
452 1235 510 1317 μὲν
540 1234 640 1318 νόμος
663 1231 837 1318 εὐξάμενον
859 1236 982 1304 κελεύει
1002 1235 1060 1303 τόν

23 1339 117 1421 ιη’ρυκα
138 1337 214 1418 μετ’
233 1334 394 1423 εὐφημίας
415 1339 550 1421 πολλῆς,
574 1333 679 1415 οότως
695 1331 771 1420 ὐμῒν
787 1338 825 1404 τδ
840 1338 1062 1422 βουλεύεσθαι

23 1443 74 1523 τερὶ
95 1444 158 1505 τῶν
181 1441 384 1525 πραγμάτων
405 1439 647 1525 παραδιδόναι·
674 1435 767 1522 ὑμεῖς
789 1440 826 1507 δδ
847 1440 904 1506 τὸν
926 1439 1061 1508 ἀνόσιον

23 1546 55 1608 ιαί
80 1544 153 1625 περὶ
183 1539 311 1620 πάντας
333 1540 477 1626 πονηρόν
506 1545 560 1608 καί
589 1543 735 1625 μάλιστα
763 1542 842 1626 περὶ
864 1543 920 1609 τὸν
943 1543 1060 1611 ἑαυτοῦ

23 1652 122 1728 ιατέρα
156 1651 382 1732 γεγενημένον,
417 1652 534 1709 τοῦτον
567 1643 652 1728 μεθ’
682 1642 774 1727 ὐμῶν
804 1644 858 1712 καί
885 1646 968 1728 μετὰ
995 1654 1059 1712 τῶν

23 1745 155 1830 ύμετέρων
179 1748 305 1814 οἰκείων
328 1749 381 1813 καὶ
406 1754 564 1831 συγγενῶν
588 1746 700 1813 ἐάσετε
722 1746 981 1831 πολιτεύεσθαι,·
1005 1752 1112 1820 κα115

23 1849 132 1937 έημάδη
163 1853 221 1931 μὲν
250 1851 303 1915 καὶ
332 1853 544 1934 Δημοσθένει
572 1842 728 1930 οὐδεμίαν
758 1845 867 1933 ᾤεσθε
893 1850 960 1915 δεῖν
984 1874 1061 1935 συγ-

23 1952 122 2037 Ινεόμην
146 1953 238 2033 ἔχειν,
266 1947 318 2016 ότι
340 1951 430 2033 δῶρα
452 1943 533 2015 καθ’
560 1945 649 2032 ὐμῶν
672 1949 912 2035 ἐξηλέγχθησαν
935 1949 1061 2035 λαμβά-

25 2076 111 2132 οντες,
136 2048 210 2120 ἀλλ’
230 2051 495 2139 ἐτιμωρήσασθε,
518 2054 572 2117 καί
589 2053 732 2132 δικαίως,
756 2046 807 2129 οἷς
830 2051 858 2118 εί
880 2051 924 2138 μή
949 2051 1060 2120 πάντα

23 2154 80 2221 ἑλλά
105 2155 215 2222 πολλά
243 2181 279 2240 γε
308 2151 464 2221 σύνιστε
489 2153 635 2243 χρήσιμα
661 2154 972 2236 πεπολιτευμένοις·
1002 2153 1059 2222 τδν

23 2257 37 2321 ’ὲ
64 2257 243 2341 κατάρατον
273 2265 407 2335 τοῦτον,
444 2253 479 2333 ὃς
513 2255 641 2341 ἀγαθὸν
670 2257 729 2340 μὲν
764 2252 847 2337 ὑμᾶς
878 2264 1058 2343 πεποίηκεν

24 2355 72 2424 ύδὲ
92 2360 233 2426 πώποτε
255 2359 290 2438 ἐξ
311 2353 350 2424 οὗ
372 2357 458 2443 πρός
476 2357 535 2446 τήν
556 2357 560 2444 Ι
579 2357 679 2424 πόλιν
695 2357 936 2446 προσελήλυθε,
961 2359 1058 2425 κακόν
1068 2375 1111 2427 107

26 2457 125 2528 ὶότι
149 2460 286 2538 δυνατός
309 2461 416 2538 ἔστιν,
446 2458 612 2548 άφήσετεῑ
640 2460 695 2527 καί
714 2459 767 2537 τίς
789 2455 847 2526 οὐκ
870 2453 908 2526 άν
932 2460 1060 2545 ἐγκαλέ-

25 2586 80 2628 ειεν
107 2561 184 2646 ύμῖν
211 2575 283 2641 τοῖς
305 2570 420 2628 τοῦτον
443 2563 718 2646 προςδεχομένοις
741 2561 926 2646 σύμβουλον
934 2592 945 2645 ,·
980 2560 1058 2629 όταν

23 2662 55 2747 άρ
84 2664 265 2750 άνθρωπος
294 2664 469 2748 γνώριμον
505 2665 558 2730 καὶ
588 2663 746 2749 φανεράν
777 2668 831 2729 καί
859 2663 1057 2749 περιβόητον

23 2764 51 2847 ήν
73 2774 233 2855 πονηρίαν
256 2768 348 2851 παρά
370 2770 457 2833 πᾶσι
478 2776 550 2845 τοῖς
571 2767 726 2843 πολίταις
749 2766 828 2847 ἔχων
851 2763 885 2832 ἐν
908 2763 984 2849 ύμῖν
1001 2767 1058 2850 δη-

23 2874 126 2956 ηγορῇ,
150 2870 225 2937 τότε
247 2867 323 2947 τούς
345 2865 522 2946 άκοόοντας
544 2865 629 2949 ὖμάς
652 2868 683 2934 οἱ
704 2864 953 2954 περιεστηκότες
968 2873 1057 2934 θαυ-

23 2969 152 3052 άσουσι,
187 2972 328 3055 πότερον
356 2964 506 3055 βελτίους
536 2968 595 3038 οὐκ
623 2971 710 3053 έχετε
733 2967 937 3055 συμβούλους
958 2967 979 3058 ἢ
1002 2971 1056 3036 καί

23 3081 118 3160 ιίρετε
146 3077 210 3139 τῶν
239 3073 396 3141 τοιούτων
427 3072 610 3150 ἀκούοντες.
652 3072 711 3162 χρή
735 3074 785 3151 δέ,
815 3055 841 3138 τό
865 3069 1053 3158 Ἀθηναῖοι,
1067 3077 1107 3138 16

23 3196 192 3206 s—...—.--

58 3246 102 3310 13,
120 3249 136 3297 4
154 3249 213 3311 post
231 3239 415 3313 δικαστηρίων
429 3243 535 3296 Reiskio
553 3243 642 3296 deesse
660 3242 760 3294 videtur
779 3237 802 3294 ὤ
825 3241 864 3307 θη
882 3243 924 3293 vel
941 3241 1054 3312 ἑωρᾶτο,

23 3315 61 3365 ιοδ
79 3330 130 3365 non
148 3329 221 3380 opus,
239 3313 261 3364 si
278 3327 358 3378 prope
377 3313 459 3364 sorum
476 3313 568 3364 iudicia
588 3315 712 3364 erant.—
728 3328 795 3378 προε
813 3315 889 3377 ρείαν
907 3309 951 3361 ΝΑ
964 3326 1010 3378 φτ,
1027 3312 1055 3363 in

31 3399 116 3434 rasura
135 3397 197 3433 corr.
221 3411 254 3418 -
275 3377 326 3443 τὴν
344 3397 423 3448 πρυτ.
441 3380 477 3444 Ν,
499 3376 550 3445 τὴν
567 3379 626 3431 τῶν
643 3396 722 3448 πρυτ.
740 3377 872 3442 ci.·Blass‚
895 3379 927 3430 cf.
946 3378 963 3429 G
986 3396 1011 3446 p.
1031 3381 1055 3432 8.

23 3482 24 3486 =
41 3456 55 3503 5
74 3449 230 3520 ἐγκαθίζων
248 3449 278 3500 ci.
295 3447 397 3501 Reiske.
416 3448 509 3513 -14,
527 3449 542 3499 3
560 3442 748 3510 διδαχθέντεει
768 3463 830 3499 corr.
848 3446 913 3511 ΑΜ,
936 3454 996 3512 post
1010 3447 1053 3496 έν-

23 3518 138 3583 ιχθδντα
156 3517 258 3568 distinx.
277 3523 299 3577 t,
323 3518 560 3584 κατεψηφισμένον
582 3510 646 3583 (δ’)
669 3509 724 3567 ύπδ
746 3514 805 3566 τῶν
827 3510 951 3566 πολιτῶν
968 3509 1054 3577 ἀπαχ-

23 3591 79 3638 ίντα
133 3581 213 3646 λάξαι
229 3579 296 3635 οὐθ’
316 3584 347 3635 οἱ.
365 3583 481 3650 Sauppe,
498 3583 576 3651 (καὶ)
592 3580 618 3634 εἷ
633 3581 739 3646 χθιντα
756 3582 896 3648 Emodus,
931 3579 993 3649 καί)
1011 3577 1052 3633 δε-

23 3659 78 3705 ‘vva
118 3654 170 3704 lass
191 3682 225 3691 -
248 3650 276 3703 αἱ
297 3653 391 3704 ίν....
409 3652 432 3703 N
451 3667 501 3718 pr.‚
526 3667 589 3703 corr.
608 3602 650 3702 δ’,
674 3681 707 3689 -
730 3654 745 3702 5
768 3645 909 3716 εὐξάμεναι
950 3688 956 3700 .
979 3677 1012 3687 -
1036 3652 1051 3701 6

23 3720 111 3773 υλτσθ
134 3722 156 3771 Α
174 3737 225 3786 pn,
249 3736 311 3772 corr.
334 3720 376 3770 ΑΙ.
399 3748 433 3758 -
455 3720 498 3784 15,
522 3722 537 3772 3
560 3715 759 3787 ἐξελέγχθησαν
785 3719 815 3770 N.
838 3747 871 3756 -
896 3721 910 3769 5
935 3717 1052 3786 συνῇστε

23 3791 105 3854 :schig
123 3818 155 3827 -
173 3786 387 3853 πολιτευομένοις
398 3789 440 3839 At.
458 3816 491 3825 —
510 3790 525 3839 6
543 3782 674 3838 οὐδέποτε
691 3791 837 3849 πεποίηκεν
849 3785 880 3847 Ν,
896 3781 976 3837 οὐδὲν
993 3780 1052 3837 πιό-

24 3878 55 3910 τε
73 3857 170 3910 Wurm.
192 3885 226 3894 -
248 3860 262 3907 ’ί
282 3852 422 3908 πολιτείαν
439 3855 496 3906 Α1δ.
514 3859 532 3906 1.
550 3883 584 3892 -
602 3858 617 3907 9
636 3849 789 3918 δεχομένοις
805 3855 847 3905 Α1.
869 3883 902 3891 -
926 3857 957 3907 10
980 3847 1052 3923 γνοί-

23 3943 61 3977 ιοε
83 3928 128 3976 καί
152 3922 266 3993 φανερός
283 3923 353 3974 ANt:
378 3938 440 3974 corr.
459 3922 560 3974 Reiske.
584 3951 618 3960 -
644 3926 674 3976 11
694 3924 724 3974 έν
743 3915 807 3988 ύμῖν
829 3937 879 3976 om.
898 3920 938 3973 At.
961 3949 996 3959 -
1020 3924 1053 3974 12

23 3992 160 4062 ιυμάζουσι
173 3990 218 4043 Mt.
236 4020 269 4029 —-
289 3993 320 4044 13
339 3985 443 4058 πότερα
454 3990 485 4043 Ν.
503 4020 536 4029 -
556 3993 588 4044 14
604 3986 655 4042 τόν
671 3989 798 4042 τοιοῦτον
815 3988 846 4042 Ν.
