2324 4410
412 259 494 310 ΚΑΤΑ
512 259 763 312 ΔΗΜΟΣΘΕΝΟΥΣ.

10 445 30 481 ’λ
79 425 191 511 θανάτῳ
214 423 460 512 τετελευτηκόσι
481 432 668 514 βοηθῆσαι,
698 428 775 506 τούς
806 427 842 496 δὲ
870 429 1064 515 παράνομόν
1092 458 1125 500 τι

10 525 31 595 Ῐῦὲ
77 537 125 598 τάν
149 525 180 594 έν
208 529 250 614 τῇ
279 527 379 595 πόλει
407 529 717 614 διαπεπραγμένους
740 529 920 614 ἐκβαλεῖν
943 525 964 620 ή
985 534 1125 622 θανάτῳ

22 621 32 670 ’·
78 631 225 719 ζημιῶσαι,
256 633 312 696 νῦν
336 629 393 697 ἐπὶ
415 634 487 708 τοῖς
509 627 593 697 κατά
613 632 854 717 Λημοσθένους
877 627 1125 720 ἀποπεφασμέ-

26 852 32 934 Ὶν
95 895 97 898 ,
138 841 222 901 Ναί·
244 839 467 915 κατέψευσται
488 835 549 920 γὰρ
572 831 591 921 ή
613 834 715 924 βουλή
737 836 995 922 Λημοσθένους·
1029 841 1146 906 τουτί’1

29 967 32 974 ·
73 939 127 1025 γάρ
147 936 235 1004 ἐστιν
259 932 425 1026 άπερβολή
440 939 499 1002 τοῦ
515 934 717 1022 πράγματος.
753 940 812 1003 σοῦ
829 943 1054 1023 κατέψευσται
1068 941 1122 1008 καὶ

26 1160 29 1196 ῑ
72 1145 112 1220 λίς
134 1140 238 1220 ἔστιν,
273 1144 307 1207 οἳ
328 1139 439 1206 πολλά
460 1139 623 1225 πρότερον
653 1143 718 1206 τῶν
748 1149 865 1207 κοινῶν
888 1140 991 1229 ἐκείνῃ
1016 1144 1122 1229 ζητεῖν

71 1241 276 1329 προσετάξατε
303 1242 358 1308 καὶ
387 1242 443 1308 διὰ
470 1240 529 1320 τάς
554 1247 730 1326 γενομένας
754 1241 901 1331 ζητήσεις
924 1243 1121 1330 ἐπῃνέσατε·

10 1361 30 1396 ῑ·
70 1343 112 1423 οὓς
132 1344 162 1410 δ’
186 1341 205 1430 ή
229 1343 328 1423 πόλις
351 1341 468 1411 άπασα
490 1338 528 1409 οδ
561 1343 697 1410 δύναται
726 1339 909 1430 ἀναγκάσαι
938 1345 979 1413 τὰ
1010 1347 1121 1415 δίκαια

10 1670 12 1705 ³
67 1652 278 1740 Δημόσθενες,
316 1651 371 1718 ἐὰν
401 1648 557 1738 ἀποφήνῃ
590 1652 650 1716 σοῦ
678 1649 744 1735 <τι>
771 1646 790 1738 ή
819 1651 940 1739 βουλή,
970 1652 1117 1718 θάνατον

10 1748 27 1826 ,ί
67 1755 154 1841 ἑαυτῷ
176 1754 232 1839 τήν
257 1754 393 1840 ζημίαν,·
419 1754 472 1818 καὶ
497 1751 606 1817 διὰτί
629 1751 774 1830 πολλοὺς
797 1747 960 1839 άνήρηκας
983 1753 1023 1820 σὺ
1045 1765 1118 1832 ταῖς

22 2259 24 2288 ⁵
62 2267 219 2350 δημοτικὸς
242 2259 327 2333 εἶναι
350 2263 494 2350 φάσκων,
523 2257 548 2349 ᾧ
571 2263 630 2352 τήν
653 2269 718 2328 τῶν
742 2261 903 2345 σωμάτων
927 2263 1073 2353 φυλακήν
1097 2260 1115 2329 ὅ

62 2368 150 2455 δῆμος
171 2365 454 2454 παρακαταθήκην
478 2367 612 2445 ἔδωκεν,
642 2359 669 2452 ᾦ
697 2362 756 2454 τήν
788 2367 960 2432 πολιτείαν
982 2369 1036 2433 καί
1060 2367 1115 2453 δη-

10 2488 21 2536 α
60 2477 222 2554 μοκρατίαν
258 2468 418 2546 πολλάκις
453 2468 702 2552 ἐγκεχείρικεν,
744 2465 761 2531 δ
798 2467 1045 2554 διαπεφύλαχε
1077 2466 1115 2534 τδ

10 2587 21 2640 α’
60 2568 106 2636 σδν
126 2577 219 2656 σῶμα
241 2575 301 2637 τοῖν
322 2571 532 2657 βλασφημεῖν
556 2568 635 2653 περὶ
657 2563 759 2634 αὐτοῦ
780 2569 958 2651 μέλλοντος
987 2569 1115 2636 πολλά-

10 2691 13 2729 ῑ
58 2698 105 2752 κις,
127 2671 168 2753 ὥς
186 2674 225 2741 σὺ
242 2674 318 2762 φής,
341 2673 592 2758 ἐπιβουλευθέν,
617 2669 635 2736 δ
653 2670 811 2757 φυλάττει
829 2671 888 2748 τὰς
906 2666 1115 2757 ἀπορρήτους

10 2798 19 2812 ’·
58 2775 236 2862 διαθήκας,
259 2776 292 2843 ἐν
316 2775 369 2853 αἶς
390 2774 432 2840 τὰ
453 2778 512 2863 τής
535 2771 666 2851 πόλεως
689 2771 837 2860 σωτήρια
858 2785 974 2841 κεῖται.

12 2907 17 2917 ·
126 2886 247 2946 Δίκαια
276 2879 334 2962 μὲν
364 2867 437 2957 οὖν,
469 2874 579 2943 δίκαια
608 2875 733 2962 τρόπον
763 2875 799 2960 γε’
826 2892 901 2942 τινα
929 2874 1052 2958 πάσχει
1072 2875 1146 2943 τδ1Ι

10 2999 16 3034 ν
54 2982 226 3067 συνέδριον·
251 2979 418 3068 εἰρήσεται
439 2978 499 3064 γάρ
524 2976 544 3044 ά
566 2976 725 3063 γινώσκω.
770 2977 861 3043 δυοῖν
884 2975 945 3062 γάρ
968 2976 1112 3062 θάτερον

11 3079 14 3137 λ
52 3077 136 3172 ἕχρήν
157 3078 286 3162 αὐτούς,
314 3074 336 3169 ή
358 3082 412 3149 καὶ
433 3078 492 3168 τήν
516 3080 680 3166 προτέραν
704 3078 836 3167 ζήτησιν
859 3077 918 3166 τήν
942 3074 1025 3166 δπέρ
1047 3105 1114 3145 των

10 3199 13 3248 ἐ
50 3193 235 3265 τριακοσίων
271 3183 438 3252 ταλάντων
474 3186 540 3249 τῶν
570 3183 663 3267 παρὰ
690 3185 749 3249 τοῦ
775 3184 915 3266 Περσῶν
949 3181 1113 3267 βασιλέως

47 3357 239 3371 κ--α-

106 3463 121 3514 9
138 3457 290 3529 ἐκβάλλεται
310 3475 372 3512 corr.
386 3457 427 3510 A2.
445 3486 477 3494 -
494 3458 544 3521 7,1
565 3457 652 3510 malim
670 3460 747 3508 τουτί
760 3449 788 3524 γ’
803 3454 888 3506 ἐστιν.
907 3481 940 3491 -
958 3457 975 3506 4
993 3453 1081 3517 ἐστιν,
1101 3459 1112 3505 t

44 3549 74 3564 -
91 3530 191 3594 ζητεῖτε
204 3525 345 3612 σφαλερῶς
356 3526 392 3577 N²
404 3527 461 3578 loco
474 3525 620 3589 obliterato,
638 3524 670 3576 cf.
683 3524 786 3590 Antiph.
800 3522 840 3574 ed.
853 3521 984 3574 Jernstedt
996 3537 1021 3607 η.
1032 3521 1111 3575 XXV.

42 3616 73 3632 ··
94 3600 268 3662 5ῖπηνέσα·;
287 3591 438 3659 απηλλάξα-
456 3593 492 3644 N²
510 3594 579 3656 item,
598 3594 763 3664 ἐπῃνέσατε,
780 3595 799 3643 t.
814 3619 848 3628 -
867 3593 882 3642 6
901 3584 1006 3660 ἀναγκα
1016 3624 1109 3642 ......

10 3650 13 3685 ¹
41 3654 62 3709 N
79 3679 127 3730 pn,
149 3651 218 3729 -ξειν
235 3660 270 3715 τὰ
289 3659 315 3714 δ-
333 3663 392 3714 loco
410 3662 545 3713 obliterato
564 3660 606 3712 N2.
624 3690 658 3699 -
676 3664 690 3712 7
709 3656 757 3711 τὰε
774 3663 835 3726 post
852 3653 958 3725 φευδιῖε
974 3657 1001 3709 in
1019 3672 1109 3710 versus

42 3730 107 3784 exitu
124 3734 180 3786 add.
199 3731 241 3786 N².
264 3760 296 3768 -
319 3731 346 3794 8,
366 3735 378 3784 1
398 3731 429 3781 δυ
445 3729 485 3793 τά
581 3728 604 3780 Ν
621 3744 668 3795 φα,
685 3725 750 3779 τότε
768 3728 826 3781 loco
844 3726 917 3777 oblit.
934 3725 977 3777 N2.
995 3755 1030 3764 —
1048 3729 1063 3778 2
1081 3743 1109 3777 τι

40 3795 132 3866 addidi,
156 3818 186 3852 σε
203 3800 246 3851 vel
262 3796 332 3850 κατὰ
350 3797 398 3850 τοῦ
416 3792 433 3860 ἡ
451 3796 529 3850 wolf.
552 3826 585 3834 —
607 3800 624 3849 4
641 3796 709 3848 παῦε
732 3811 795 3849 corr.
813 3793 917 3846 Reiske.
935 3823 968 3831 —-
986 3793 1013 3858 9,
1032 3797 1047 3846 2
1066 3790 1110 3845 δο-

39 3865 101 3920 κοῦν
118 3868 187 3921 εἶναι
209 3871 251 3922 At.
275 3896 308 3904 —
331 3870 345 3918 5
370 3867 472 3936 δγκεχεί
487 3884 551 3929 ηκεν
573 3864 619 3915 ΝΑ
637 3880 689 3931 φα,
713 3864 739 3915 in
757 3863 780 3913 Α
801 3877 891 3914 rasura
916 3870 1058 3915 correctum
1075 3889 1109 3901 -

40 3915 146 3994 AEA-
172 3932 367 4004 διαπτφόλακει
391 3948 454 3985 corr.
506 3933 550 3986 ols.
578 3962 609 3970 -
634 3935 648 3982 ῖ
664 3948 721 4050 φα
738 3931 761 3983 N
781 3946 833 3999 pr.,
858 3924 1109 3998 ssew-31⁹³

37 4010 83 4069 pr„
100 3989 121 4055 τί
140 4005 182 4058 ιν.
200 4035 233 4044 -
252 4008 267 4058 s
286 3997 428 4067 οποομας
445 4000 477 4067 N,
495 3996 584 4067 ομιτ
602 3999 681 4066 w01,
699 3999 731 4052 cs.
750 4000 768 4050 c
787 4016 811 4066 p.
825 4001 849 4050 ε.

862 4083 897 4133 1*
