2324 4410
94 214 146 275 44,
542 209 724 265 ΔΕΙΝΑΡΧΟΥ

96 381 273 468 ἐτόλμησεν
304 382 349 458 εἰς
378 382 455 458 τοὺς
485 378 613 456 εἰδότας
646 374 732 460 ύμᾶς
765 375 1010 462 ἐξεληλεγμένον
1049 371 1162 440 ἑαυτὸ

97 481 206 551 ἅπασι
228 483 358 561 τούτοις
381 483 498 565 ἔνοχον
514 480 723 568 γεγενημένον
747 479 860 546 ἐλθεῖν
883 482 939 544 καί
962 476 1070 556 δεῖξαι
1092 473 1152 541 δαν

98 585 164 665 τόν,
189 583 226 651 ού
247 588 293 670 τῷ
309 586 424 669 δικαίην
441 583 615 660 πιστεύων,
640 570 862 667 ὦἈθηναῖοὶ
876 617 919 627 -
933 577 967 645 τί
980 573 1142 662 γὰρτούτ

99 685 304 774 δικαιοσύνης
333 693 482 771 μέτεστιν
490 717 501 770 ,·
530 725 572 735 -
595 680 678 752 ἀλλὰ
701 688 742 774 τῇ
764 683 867 770 τόλμη
890 681 978 770 (καὶ)
1006 689 1049 768 τῇ
1073 677 1138 752 ἄνα

99 793 186 877 δείρ,
220 784 242 878 ᾗ
272 788 438 874 χριόμενος
471 788 634 873 πρότερον
668 789 726 872 μὲν
760 785 880 876 ἠξίωσε
911 783 1160 871 καταφρονήιι

97 889 188 976 ὑμῶν
216 899 270 959 καί
298 895 365 959 τῶν
395 893 428 958 ἒν
457 899 497 978 τῇ
527 892 626 957 πόλει
649 892 783 956 δικαίων
806 889 848 956 τὰ
869 887 1021 974 χρήματα
1043 887 1160 970 λαβεῖν

98 998 168 1061 νυνὶ
198 996 234 1060 δὲ
263 988 551 1080 ἀπολογησόμενος
584 988 654 1081 ἥκει
682 987 727 1068 ιδς
759 988 854 1056 οὐδὲν
888 989 1013 1056 τούτων
1041 978 1157 1055 διαπό

99 1116 260 1181 πρακται·
283 1099 440 1162 τοσοῦτον
456 1097 515 1184 τῆς
529 1090 685 1178 ύμετέρας
701 1094 869 1180 ῥᾳθυμίας
887 1087 1159 1175 καταπεφρόνηκε

63 1200 149 1265 4καὶ
175 1194 192 1261 δ
214 1199 273 1280 μὲν
296 1197 405 1275 κοινὸς
426 1200 486 1284 τῆς
508 1196 638 1274 πόλεως
661 1196 770 1278 νόμος,
795 1193 851 1261 ἐόν
873 1218 923 1270 τις
945 1190 1055 1281 (ἑνός)
1077 1189 1152 1259 έναι

48 1313 91 1364 109
100 1306 170 1365 τίον
192 1307 257 1365 τιῦν
281 1301 428 1365 πολιτῶν
453 1293 658 1386 ὁμολογήσας
680 1324 713 1364 τι
739 1299 745 1384 Ι
771 1304 923 1384 παραβῇ,
957 1302 1077 1362 τοῦτον
1101 1318 1146 1360 ενι

98 1425 156 1483 χον
186 1396 270 1468 εἶναι
298 1401 421 1468 κελεύει
449 1404 495 1487 τῷ
526 1395 667 1468 ἇδικεῖν·
703 1396 720 1464 δ
752 1400 789 1468 δὲ
815 1399 943 1477 πάντας
967 1395 1124 1484 Ἀθηνα

101 1503 312 1588 ἐξηπατηκώς
340 1504 394 1571 καὶ
424 1504 568 1587 προδούς
598 1504 655 1588 τὴν
685 1510 799 1569 πίστιν
827 1501 866 1586 ἣν
889 1498 974 1585 παρ’
999 1497 1129 1583 ὗμῶνο

102 1604 193 1685 ἄξιος
217 1601 261 1672 ὢν
286 1607 390 1691 ἔλαβε,
414 1609 466 1672 καὶ
490 1629 528 1671 το
551 1600 756 1672 καθ”αύτδν
779 1603 877 1688 μέρος
901 1599 1027 1670 ἅπαντ’
1053 1599 1153 1673 δνατ

100 1705 235 1792 τραφιδς
258 1708 299 1775 τὰ
321 1706 354 1774 ἒν
377 1711 416 1795 τῇ
438 1707 552 1786 πόλει,
584 1700 680 1785 οὗτος
710 1707 766 1773 ἐπὶ
792 1708 851 1794 τὴν
875 1700 1059 1788 διπολογίαν
1081 1730 1154 1793 ηκ;.

102 1810 202 1898 φησει
230 1807 289 1897 τήν
317 1805 401 1891 ὑπὲρ
429 1818 486 1894 τῆς
514 1810 623 1887 αἰτίας
652 1817 710 1898 τῆς
738 1809 788 1886 εἷς’
815 1803 914 1874 αὑτὸν
943 1811 1150 1899 γεγενημένης

66 1911 162 1996 ὅέγὼ
184 1912 236 1990 δὲ,
272 1901 482 1995 ὦδνδρες,
516 1911 546 1978 ελ
568 1912 619 1978 δεῖ
638 1906 770 1998 τάληθῆ
793 1911 896 1995 λέγειν
923 1948 964 1958 -
988 1911 1038 1975 δεῖ
1061 1910 1095 1975 δέ

102 2009 177 2078 ούδὲ
204 2011 263 2089 τὰς
292 2009 483 2097 ἀποφύσεις
511 2007 605 2093 οἶμαι
627 2020 682 2078 νῦν
706 2010 895 2094 κρίνεσθαι,
926 2010 1068 2095 πότερον
1090 2005 1128 2078 ἄλ
1148 2038 1156 2079 ’.

102 2119 177 2191 θεῖς
207 2115 289 2180 εἰσιν
319 2107 338 2202 ἢ
367 2115 502 2197 ψευδεῖς
538 2115 572 2180 αἱ
602 2114 684 2180 κατὰ
717 2114 917 2191 Φιλοκλέους
950 2111 1162 2199 γεγενημίνι

103 2210 185 2282 ἀλλὰ
207 2219 284 2298 περὶ
307 2215 432 2301 μόνης
454 2219 514 2302 τῆς
535 2223 696 2300 τιμωρίας
718 2212 802 2297 ύμᾶς
826 2216 893 2282 δεῖν
916 2223 973 2300 τῆς
996 2213 1029 2280 ἓν
1044 2216 1090 2300 τῷ
1147 2290 1151 2299 Ι

52 2323 56 2333 “
104 2323 246 2403 φίσματι
268 2317 490 2404 γεγραμμένης
513 2319 646 2384 δικάσαι
669 2327 724 2386 νῦν
732 2371 742 2401 ,
773 2318 899 2400 πότερα
927 2319 978 2384 δεῖ
998 2302 1157 2403 χρημύπῇ

102 2428 243 2507 τιμῆσαι
269 2423 315 2506 τῷ
344 2423 521 2506 τηλικαῦτα
550 2416 719 2510 ἠδικηκότι
747 2422 805 2509 τὴν
835 2419 961 2500 πόλιν,’
985 2414 1005 2507 ἢ
1033 2416 1135 2487 davd?

105 2521 339 2607 ζημιώσαντας,
365 2519 478 2608 ὥσπερ
498 2517 594 2602 οὗτος
610 2525 751 2609 ἔγραψεν
768 2524 799 2590 ίν
816 2530 863 2610 τῷ
878 2528 1072 2608 ψηφίσματι
1086 2544 1114 2588 uc

103 2623 230 2701 ἑαυτοῦ,
255 2625 434 2710 δημεῦσαι
455 2625 514 2711 τὴν
537 2623 652 2691 ούσίαν
675 2623 732 2712 την
756 2625 789 2691 ἔκ
813 2624 972 2690 ταιούτων
996 2620 1110 2709 λημμόιι

104 2728 356 2812 συνειλεγμένην.

67 2831 86 2892 6
193 2829 318 2896 Οίεσθε
346 2837 462 2895 τοῦτον
491 2831 547 2895 νῦν
578 2837 711 2912 πρῶτον
735 2829 791 2897 ἐπὶ
814 2828 939 2894 τούτων
961 2830 1026 2892 τῶν
1048 2850 1103 2912 χρη

104 2956 168 2995 των
191 2929 336 3015 πονηρόν
359 2934 566 3017 γεγενῆσθαι,
590 2925 612 3018 ἢ
634 2934 689 2997 νύν
711 2938 846 3014 πρῶτον
868 2927 951 2995 καθ’
968 2925 1059 3011 ὑμῶν
1082 2927 1100 2995 δ

105 3031 294 3117 είληφὲναι;
319 3030 376 3097 ούκ
400 3034 470 3098 ἔστι
492 3036 605 3110 ταῦτα,
629 3030 713 3098 dud
732 3032 839 3098 πύλαι
853 3039 1004 3108 τοιοῦτος
1020 3023 1095 3096 dv&

103 3140 205 3200 θανεν
229 3130 327 3215 ὑμᾶς,
351 3137 404 3200 καί
429 3131 655 3222 εύτυχήκαθ’
681 3131 734 3201 ότι
757 3129 814 3202 ούκ
836 3135 870 3202 ἒν
893 3132 1022 3217 μείζοσι
1043 3158 1091 3199 και

171 3341 198 3402 3,
218 3344 233 3393 2
257 3341 293 3393 εἱε
311 3338 373 3392 τοδε
390 3336 496 3391 εἰδότας
514 3342 538 3392 in
556 3357 605 3392 ras.
623 3339 666 3392 ΑΙ.
689 3370 724 3379 -
746 3344 763 3392 4
786 3327 885 3392 ιύἈθ.
905 3355 954 3392 om.
972 3341 1015 3390 At.
1038 3367 1073 3378 —-

104 3409 160 3461 add.
179 3410 222 3462 A2.
248 3439 279 3446 —
304 3409 331 3472 4,
352 3413 364 3460 1
390 3405 449 3459 ἑνὸς
466 3409 523 3461 εδδ.
542 3408 626 3473 Rides,
650 3414 711 3476 post
731 3410 769 3460 dv.
788 3408 919 3459 addiderat
938 3407 1016 3459 Bake.
1039 3435 1072 3445 —

102 3473 200 3541 ἀδικίη)
220 3478 308 3529 Cobet.
328 3505 360 3514 -
383 3480 399 3528 4
416 3471 480 3543 ὑμῖν
497 3478 519 3526 Α
537 3493 587 3542 pn,
610 3492 673 3529 corr.
691 3478 733 3528 Αἱ.
755 3481 789 3515 ’-
812 3481 826 3528 7
846 3471 944 3528 αύτδνι
969 3491 1032 3527 corr.
1050 3472 1078 3526 Τι

103 3546 129 3609 5,
149 3550 160 3598 1
184 3532 367 3610 αύἈθηναῖοι
391 3544 421 3596 N.
441 3575 473 3583 -
493 3547 508 3596 2
525 3539 556 3596 ού
573 3544 621 3596 τὰς
645 3545 703 3596 mal.
721 3543 850 3596 Maetzner
873 3573 907 3582 -
929 3538 1065 3612 πρότερον

104 3630 167 3665 corr.
185 3613 227 3664 A1.
252 3643 284 3651 -
309 3617 325 3665 4
346 3614 410 3677 με’ντ
435 3628 498 3664 corr.
517 3612 611 3664 Reiske
629 3642 661 3650 -
679 3608 722 3663 δεῖ
739 3615 759 3662 Α
778 3628 828 3678 pn,
852 3627 916 3663 corr.
934 3612 969 3663 Αἱ
986 3639 1019 3648 -
1043 3627 1072 3662 το

103 3684 297 3764 γεγραμμένοις
313 3683 335 3732 A
341 3696 393 3800 ητα,
413 3697 476 3734 corr.
489 3682 530 3733 Αἵ.
549 3711 582 3719 -
601 3684 616 3733 6
634 3676 685 3745 τὴν
703 3677 785 3733 πόλιν
803 3697 852 3732 om.
871 3681 952 3746 Apr.,
970 3678 1068 3732 c'0rr.A

104 3749 187 3800 αυτοῦ
207 3751 239 3800 At
256 3745 324 3813 -ἢ
358 3749 485 3816 ημεύσαιι
505 3764 568 3801 corr.
588 3748 682 3800 Reiske
700 3778 732 3786 —-
750 3744 858 3799 τούτων
877 3749 898 3797 Α
916 3763 966 3814 pr.‚
993 3761 1057 3798 corr.

103 3817 129 3880 6,
149 3820 165 3868 4
182 3809 284 3880 τύτύχει
301 3812 368 3881 (ηύτ.
387 3818 418 3881 Α)
435 3813 551 3868 καθότιε
571 3832 634 3868 corr.
645 3816 739 3882 Vogel,
763 3812 902 3879 ηύτοχεῖτε
918 3812 1021 3866 καθότι
1038 3819 1062 3876 t,

103 3886 145 3937 Ar.
165 3885 228 3952 Equ.
249 3889 313 3938 1299
332 3891 358 3937 et
376 3884 445 3936 Suid.
465 3900 486 3934 s.
505 3880 717 3938 πυνθάνεσθαιε
741 3878 874 3947 εὐτυχεῖτε
897 3877 943 3934 ότι
959 3879 1008 3934 οὔκ
1026 3881 1057 3934 ἐν

103 3953 191 4023 καιρῷ
209 3949 353 4006 ἐπύθεσθε
370 3951 422 4017 τὴν
441 3946 524 4003 αύτοῖι
543 3947 770 4020 αἰσχροκέρδειαν.
