2324 4410
354 252 444 307 ’ΚΑΤΑ
462 251 714 306 ΔΗΜΟΣΘΕΝΟΥΣ.
1036 253 1076 312 31

23 437 79 479 ναι
108 416 241 506 ·ψήφῳ,·
276 419 442 506 γέγραψαι
470 422 647 507 ψήφισμα,
676 420 909 507 Δημόσθενες,
944 424 1149 495 πολλῶν101

23 542 101 584 ντων
123 525 179 586 καὶ
206 524 323 589 δεινῶν
352 523 408 589 καί
437 524 639 608 παρανόμων
668 513 715 590 ὦν
737 523 896 611 Δημάδης
917 524 1077 612 γέγραφε;

23 622 184 702 εκώλοκάς
208 651 284 690 τινα
308 626 428 709 πρᾶξιν
451 619 497 691 ὦν
521 626 643 704 ἐκεῖνος
669 625 892 711 προελόμενος
913 627 996 694 κατὰ
1018 635 1078 695 τού

23 722 108 810 ίήμου
125 729 387 810 πεπολίτευται,·
410 723 482 794 οὔδ’
499 725 659 813 ἡντινοῦν.
690 728 895 814 εἰσήγγελκας
910 729 968 796 τόν
984 730 1078 814 παρά

23 827 55 892 ιὰ
75 836 133 893 τοῦ
157 827 263 917 δήμου
286 836 510 914 ψηφίσματα
538 829 594 896 καὶ
621 829 698 907 τούς
727 829 847 910 νόμους
870 829 980 897 πολλὰ
1004 832 1078 896 δια-

23 937 259 1016 πεπραγμένους
293 930 525 1010 οὐδεπώποτε,
556 927 641 998 ἀλλὰ
667 933 833 1014 περιεῖδες
856 931 956 999 αὐτόν
980 933 1013 998 ίν
1036 936 1077 1020 τῇ

24 1029 108 1120 όγορᾷ
130 1036 269 1115 χαλκοῦν
293 1040 459 1100 σταθέντα
487 1036 541 1100 καὶ
570 1036 628 1121 τής
651 1035 684 1100 ἐν
707 1032 894 1122 πρυτανείῳ
917 1033 1078 1113 σιτήσεως

25 1137 261 1222 κεκοινωνηκότα
282 1147 353 1215 ταῖς
372 1132 551 1219 Ἁρμοδίου
573 1139 626 1203 καί
646 1132 929 1222 Ἀριστογείτονος
951 1132 1078 1222 άπογό-

29 1265 88 1317 νοις.
126 1239 244 1305 ἔπειτα
267 1242 333 1304 πού
356 1242 415 1328 τής
438 1233 566 1317 εύνοίας
587 1242 645 1327 τής
661 1235 753 1325 σήςό
773 1240 876 1328 δῆμος
892 1238 988 1324 ἐ’λαβε
1003 1249 1078 1306 πεῖ·
1092 1253 1148 1312 1οῗ

29 1369 80 1424 ραν,
101 1336 120 1429 ή
143 1350 211 1407 ποῦ
232 1341 291 1427 τήν
314 1345 372 1406 τού
394 1341 532 1427 ῥήτορος
553 1341 716 1427 βοήθειαν
736 1344 789 1408 καί
815 1342 951 1426 δύναμιν
967 1342 1078 1421 έξετα-

31 1445 141 1526 ζομίνην
166 1444 316 1525 ε’ίδομεν;
349 1437 371 1532 ή
396 1442 543 1510 ἐνταῦθα
566 1441 685 1532 φήσετ’
711 1438 796 1510 εἶναι
818 1444 930 1525 δεινοί,
961 1444 990 1511 εί
1012 1469 1078 1510 πα-

30 1545 265 1630 ρακρούσεσθε
299 1545 436 1623 τούτους
472 1541 525 1612 άεί
559 1547 707 1631 λέγοντες
737 1541 781 1624 ὦς
810 1541 867 1613 οόκ
895 1547 983 1613 ἔστιν
1013 1545 1077 1625 ἔξω

30 1652 71 1736 τής
95 1650 255 1731 πατρίδας
283 1646 359 1730 ύμῖν
391 1648 556 1728 ἐξελθεῖν,
588 1645 645 1715 σόκ
676 1651 765 1716 ἔστιν
795 1646 875 1735 άλλη
905 1648 1075 1738 καταφυγή

29 1753 105 1834 χωρίς
126 1754 184 1838 τής
206 1747 364 1838 ήμετέρας
387 1745 538 1832 εύνοίας,·
562 1750 724 1837 φανερούς
740 1750 833 1839 ίχρήν
848 1756 1078 1837 γεγενημένους

30 1849 289 1937 ἀντιπράττοντας
317 1850 372 1917 καὶ
395 1852 480 1938 λόγῳ
509 1852 563 1917 καί
587 1854 670 1937 έργφ
692 1865 764 1930 τοῖς
786 1852 869 1918 κατὰ
890 1860 949 1918 τοῦ
972 1852 1076 1937 δήμου

28 1962 227 2042 γραφομένοις
250 1951 479 2039 ψηφίσμασιν,
507 1949 593 2020 οότω
616 1960 751 2020 πείθειν
774 1954 924 2033 τούτους,
956 1955 1078 2039 [λέγον-

27 2064 79 2138 τας]
104 2054 149 2136 τός
172 2053 228 2123 ούκ
251 2057 341 2122 ἔστιν
364 2056 441 2139 ύμῖν
464 2054 601 2139 οὐδεμία
624 2064 769 2143 σωτηρία
790 2057 889 2140 χωρὶς
911 2060 970 2144 τῆς
985 2055 1078 2139 παρά

27 2168 71 2225 τοῦ
90 2160 195 2248 δήμου
217 2165 386 2245 βοηθείας.
432 2156 526 2242 ὑμεῖς
555 2154 585 2224 δ’
612 2159 644 2226 έν
673 2170 744 2238 τοῖς
773 2160 833 2239 ἔξω
855 2157 915 2237 τάς
938 2156 1148 2237 όλπίδας103

26 2262 103 2343 ίγετε,
127 2260 350 2344 ἁμιλλώμενοι
373 2265 446 2338 ταῖς
468 2262 652 2338 κολακείαις
674 2261 759 2344 πρὸς
781 2260 857 2340 τοὺς
880 2257 1078 2346 ὁμολογοῦν-

25 2389 70 2442 τας
89 2363 171 2448 ύπίρ
191 2362 409 2447 Ἀλεξάνδρου
432 2362 590 2444 πράττειν
613 2365 668 2429 καί
693 2366 783 2447 δῶρα
799 2363 970 2451 εἰληφέναι
985 2363 1078 2449 παρὰ

24 2471 76 2532 τῶν
103 2465 213 2533 αὐτῶν
242 2458 353 2546 ιύνπερ
376 2467 432 2531 νῦν
456 2461 695 2551 ἀποπέφαγκεν
718 2462 804 2550 ύμᾶς
824 2465 844 2556 ή
865 2466 978 2552 βουλή.
1022 2468 1076 2532 καί

26 2569 55 2634 σύ
74 2569 205 2636 πάντων
226 2563 468 2656 τῶνἙλλήνων
492 2568 638 2634 ἐναντίον
663 2570 882 2653 διειλεγμένος
903 2568 1076 2655 Νικάνορι,

24 2674 65 2736 καί
84 2671 321 2758 κεχρηματικὼς
344 2669 377 2737 έν
396 2665 562 2756 Ὀλυμπίᾳ
586 2671 666 2755 περί
689 2665 734 2736 ὧν
759 2669 953 2759 ἐβουλήθης,
981 2672 1079 2737 ἐλεει-

24 2772 68 2840 νόν
87 2779 142 2842 νῦν
166 2773 303 2840 σεαυτόν
325 2773 573 2854 κατασκευάζεις
595 2773 762 2859 προδότης
786 2766 830 2838 όίν
855 2773 910 2839 καί
934 2768 1078 2858 δωροδό-

23 2900 75 2954 κος,
97 2874 141 2954 ὥς
164 2874 506 2961 ἐπιμελησομένους
528 2873 664 2953 τούτους
682 2878 739 2963 τῆς
756 2878 815 2963 σῆς
830 2881 999 2961 πονηρίας,
1024 2877 1077 2941 καί

23 2973 52 3042 ού
72 2979 185 3046 διύσων
216 2976 306 3064 δίκην
335 2975 419 3061 όπὲρ
450 2971 496 3044 οἷν
526 2979 663 3063 είληφαι
694 2977 899 3066 πεποιηκώς,
929 2978 1077 3066 τοσαύτην
1091 2988 1148 3050 104

23 3081 246 3168 τολμηρότερον
274 3080 451 3165 Δημάδου,
482 3075 572 3147 ὥσθ’
602 3077 618 3145 ό
648 3082 706 3164 μέν
736 3079 941 3170 προειρηκώς
968 3081 1002 3148 έν
1031 3091 1079 3169 τῷ

23 3182 100 3272 δήμῳ
123 3185 180 3249 τόν
204 3182 321 3249 ἑαυτοῦ
344 3182 470 3266 τρόπον
500 3183 555 3251 καί
581 3182 639 3271 τήν
669 3182 850 3263 ἀπόνοιαν,
881 3186 935 3249 καί
959 3179 1080 3267 όμολο-

23 3289 72 3351 νῶν
94 3284 272 3369 λαμβάνειν
295 3285 349 3351 καὶ
372 3285 558 3373 λήψεσθαι,
582 3282 672 3370 ὅμως
695 3281 732 3353 ού
755 3284 934 3370 τετόλμηκε
949 3284 1080 3365 τούτοις

23 3405 215 3419 w-

74 3455 134 3541 101,
153 3458 169 3508 2
193 3459 238 3535 καί
260 3460 320 3523 post
337 3450 437 3556 δεινῶη
460 3472 511 3509 om.
527 3456 576 3538 A&
587 3453 683 3509 δεινῶς
699 3452 871 3542 φαρανόμων
888 3455 990 3510 Bekker
1008 3461 1028 3538 t:
1045 3485 1079 3495 -

23 3520 210 3646 ἱείίίίὲίῗίές
221 3527 494 3660 0000λῖ00κο
506 3524 897 3659 ,ῗοίὲκὲῖύύίφίύίλίίῖ
908 3524 1079 3646 000ίίλῖ

23 3657 38 3714 ί.
59 3691 90 3700 -
109 3666 123 3713 ’ί
142 3664 196 3713 τοῖς
213 3660 235 3709 Α
253 3677 300 3728 pn,
321 3661 368 3726 τήε
385 3659 419 3711 A²
437 3690 469 3699 -
487 3661 518 3712 έν
534 3661 576 3727 τῷ
593 3660 624 3724 Ν,
642 3662 674 3715 εί.
693 3663 711 3714 G
729 3679 755 3730 p.
769 3666 808 3715 11.
826 3661 938 3725 -102,
957 3665 974 3714 4
991 3679 1080 3729 παρα-

23 3728 165 3798 ροόσησθε
188 3728 222 3790 N,
248 3724 451 3798 παρακρούσετε
473 3730 509 3780 A:
534 3744 597 3780 corr.
616 3728 724 3782 Bekker.
750 3759 782 3769 -
807 3732 822 3783 8
846 3723 877 3781 σύ
901 3730 943 3782 τά
966 3729 1012 3781 ΝΑ
1029 3745 1080 3796 ραι

23 3813 72 3851 ort.
91 3797 125 3850 Α2
142 3824 176 3834 -
194 3793 319 3867 λέγοντας
342 3796 443 3849 seclusi.
466 3825 497 3834 -
520 3796 582 3860 103,
601 3801 617 3850 4
638 3791 708 3865 ἡμᾶς
724 3799 755 3850 N.
779 3827 813 3837 -
836 3801 851 3850 5
870 3799 1005 3850 ἐναντίων
1022 3797 1082 3848 τῶν

23 3863 130 3918 λλίναν
141 3864 173 3917 Ν.
192 3893 223 3902 -
242 3866 258 3916 6
274 3859 429 3931 ἠβουλήθης
444 3865 476 3917 N.
492 3893 527 3904 -
544 3867 559 3917 8
582 3862 793 3934 ίπιληοιμίναυα
811 3865 967 3931 Stephanus,
991 3862 1081 3919 έπιίε-

23 3936 154 4001 ησμένουε
170 3931 272 3986 Reiske.
296 3962 330 3972 -
353 3936 369 3986 9
387 3936 450 4001 περὶ
468 3935 490 3986 Α
507 3949 554 3999 pn,
571 3928 638 4004 ύπίρ
655 3934 699 3990 A1.
717 3931 829 4000 -104,
847 3936 862 3986 3
880 3931 930 3987 τόν
948 3929 1031 3987 αὐτοῦ
1049 3933 1082 4000 Α,

22 4001 57 4055 δυ
76 3995 160 4052 αὑτοῦ
178 4006 197 4052 t.
214 4030 247 4039 —
265 4004 282 4053 4
299 3998 462 4068 τετόλμηκεν
480 3999 569 4054 αὐτοῖς
585 4003 615 4055 Α.
