2324 4410
124 192 169 252 34
575 192 756 247 ΔΕΙΝΔΡΧΟΥ

127 367 330 448 Κτησίππου
355 363 409 429 καὶ
434 357 629 445 Φορμίωνος
650 364 703 427 καὶ
728 360 846 444 ἑτέρων
869 362 1002 428 πολλῶν
1025 362 1102 428 πλοτ

127 487 226 531 τατον
249 461 327 530 όντα
348 465 413 528 τῶν
436 461 469 528 ἐν
491 465 532 550 τῇ
554 462 667 542 πόλει,
699 457 775 529 ἀντὶ
801 461 834 527 δ’
860 457 1003 547 ἀγνῶτος
1024 467 1077 530 καὶ

127 573 206 649 μίαν
233 564 394 649 πατρικὴν
423 563 520 644 δόξαν
547 566 640 648 παρὰ
661 568 727 631 τῶν
750 565 922 649 προγόνων
944 568 1102 650 παρειληη

128 667 258 745 ἔνδοξον
279 671 498 751 γεγενημένον,
521 665 579 752 τὴν
602 666 638 733 δὲ
652 665 763 746 Ιπόλιν
787 664 846 731 οὐκ
868 661 967 745 ἀξίως
985 666 1102 751 ἑαυτῆς

127 771 186 854 τῆς
207 768 272 832 τῶν
295 766 466 851 προγόνων
490 765 586 853 δόξης
609 768 822 853 διακειμένην.
869 760 1005 853 ἀφέντες
1035 757 1093 833 οὗν

126 869 239 947 έλέους
260 871 313 934 καὶ
329 868 404 947 τοὺς
420 867 640 954 φενακισμοάς
662 869 739 948 τούς
763 868 879 935 τούτου
901 867 959 958 την
984 865 1102 935 ὁσίαν

128 972 296 1037 δικαίαν
327 976 442 1057 φέρετε
470 972 605 1056 ψῆφον,
642 970 697 1037 καὶ
734 975 888 1037 σκοπεῖτε
922 969 960 1035 τό
988 975 1030 1058 τῇ
1059 997 1102 1036 πι

130 1078 306 1158 συμφέρον,
329 1073 374 1160 μὴ
396 1072 435 1138 τὸ
457 1072 687 1159 Δημοσθένει·
712 1080 809 1140 τοῦτο
831 1072 891 1157 γάρ
915 1073 985 1139 ἐστι
1007 1073 1102 1138 καλῶν

53 1177 243 1259 112γαθῶν
266 1175 427 1239 δικαστῶν
451 1175 551 1259 ἔργον.
589 1174 644 1242 καὶ
668 1171 745 1241 όταν
769 1169 928 1261 ἀναβαίνῃ
951 1201 1002 1253 τις
1018 1199 1102 1262 συνη

129 1301 195 1342 σων
221 1280 448 1363 Δημοσθένει,
480 1277 651 1360 λογίζεσθε
682 1273 734 1342 ότι
765 1271 861 1355 οὗτος
893 1273 910 1341 ό
940 1275 1102 1360 ἀνθρωπο

128 1378 188 1462 μὲν
209 1378 253 1466 μὴ
279 1377 391 1461 ἔνοχος
413 1371 459 1467 (δν
481 1383 554 1456 ταῖς
571 1378 769 1461 μελλούσαις
786 1375 998 1464 ἀποφάσεσιν
1014 1373 1101 1464 ἀναβ

129 1581 355 1666 λαμβάνοντας
378 1577 416 1647 οά
438 1581 636 1666 βουλόμενος
659 1583 749 1668 δίκην
773 1585 896 1660 δοῦναι,
926 1585 980 1648 καὶ
1002 1583 1060 1673 την
1082 1610 1101 1649 κ

128 1687 194 1750 τῶν
217 1679 379 1767 ὑμετέρων
403 1682 564 1764 σωμάτων
594 1683 755 1768 φυλακην,
785 1678 842 1769 ἀφ’
867 1678 888 1772 ᾖ
919 1689 1072 1751 τέτακται
1097 1713 1102 1748 ⁴.

125 1780 244 1869 Ἀρείῳ
265 1781 363 1869 πάγη)
386 1785 565 1866 συνέδριον,
589 1785 815 1872 καταλυθῆναι
836 1784 992 1868 βούλεται
1014 1788 1102 1853 καὶο

127 1886 253 1970 χόσθαι
286 1885 396 1951 πάντα
424 1885 466 1950 τὰ
494 1885 527 1952 ἕν
556 1890 596 1973 τῇ
624 1886 722 1952 πόλει
752 1888 877 1952 δίκαια·
913 1887 942 1954 εἰ
971 1889 1006 1973 δὲ
1035 1888 1102 1976 ῥήττ

130 1985 317 2074 στρατηγός,
350 1991 384 2053 οἳ
405 1987 462 2073 τὴν
485 1989 760 2075 προσδοκωμένην
782 1986 864 2055 καθ’
890 1986 996 2057 αὑτῶν
1019 1989 1102 2079 ἀνιόη

131 2089 273 2156 ἀπιστον
284 2088 481 2191 βουλόμενοιΙ
495 2090 654 2174 γενέσθαι
669 2095 912 2177 συνηγοροῦσιν,
938 2088 975 2158 οὗ
995 2117 1102 2174 προσε

130 2187 207 2273 ὑμῖν
230 2190 299 2257 ἐστι
321 2194 392 2268 τοῖς
413 2190 537 2258 τούτων
560 2191 691 2276 λόγοις,Ι
703 2191 831 2271 εἰδότας
850 2191 901 2259 ὅτι
916 2193 951 2260 ἐκ
966 2195 1099 2262 πάντων

130 2318 195 2359 των
222 2298 439 2376 γεγένηται
465 2301 616 2378 συνεργία
637 2296 714 2377 περὶ
737 2295 794 2361 τόν
813 2292 983 2379 Ἁρπάλου
1005 2296 1102 2365 κατόν

57 2394 185 2461 113καὶ
199 2394 256 2479 τὴν
273 2392 402 2479 ἀφεσιν.
440 2401 632 2476 νομίσαντες
655 2386 720 2476 οὖν,
745 2382 772 2461 τό
793 2393 982 2484 Ἀθηναῖοι,
1004 2396 1102 2465 καθ’Ι

129 2495 259 2573 πάντας
280 2495 415 2575 τούτους
438 2491 625 2579 ἀναβαίνειν
647 2499 701 2563 καί
724 2499 853 2578 κοινοὺς
876 2500 1016 2585 ἐχθροὺς
1031 2495 1101 2580 εἶτα

131 2596 239 2680 νόμων
267 2599 402 2686 καὶτῆς
430 2598 560 2677 πόλεως
589 2598 736 2685 ἀπάσης,
773 2600 817 2688 μὴ
852 2600 1061 2684 ἀποδέχεσθε
1087 2628 1102 2669 ε

130 2697 223 2784 (τοὺς
235 2699 482 2786 φευακισμοός>,
508 2694 591 2766 ἀλλὰ
612 2701 756 2768 κελεύετε
776 2695 1022 2788 ἀπολογεῖσθαι
1036 2728 1102 2791 περ

131 2807 414 2886 κατηγορημένων*
450 2803 531 2887 μηδὲ
553 2802 612 2889 την
635 2799 738 2869 αὐτοῦ
760 2803 878 2870 τούτου
901 2812 1030 2888 μανίαν,
1056 2803 1102 2885 ὅςτ-

26 2982 32 2995 x
133 2911 249 2987 φρονεῖ
278 2900 336 2968 ἐπὶ
358 2905 405 2988 τῷ
429 2902 594 2969 δύνασθαι
616 2904 736 2988 λέγειν·
760 2900 846 2972 ἀλλ’
873 2905 1037 2993 ἐπειδή,
1060 2904 1102 2989 ἂν

132 3002 224 3085 νερὸς
245 2997 321 3085 δμῖν
344 3010 476 3097 γένηται
502 3007 711 3088 δωροδοκῶν,
742 3007 790 3072 ότι
818 3009 942 3090 μᾶλλον
971 3008 1102 3096 ἒξελήλε

134 3104 312 3190 φενακίζων
336 3100 432 3188 ἀμᾶς,
460 3105 696 3192 τιμωρήσασθε
725 3104 818 3190 ἀμῶν
848 3104 952 3175 αὐτῶν
974 3109 1030 3177 καὶ
1051 3112 1102 3200 τῆς

134 3207 214 3287 λεως
238 3205 347 3285 ἀξίως.
392 3207 420 3274 εί
444 3209 478 3274 δὲ
499 3207 554 3293 μή,
581 3212 642 3296 μιᾷ
667 3205 774 3299 ψήφῳ
796 3211 851 3278 καὶ
873 3211 921 3280 ἑνὶ
943 3210 1047 3297 ἀγῶνι
1068 3240 1102 3281 ττι

200 3372 436 3454 ἀπλουσιαότερον
452 3378 483 3430 Α.
501 3406 534 3416 -
552 3383 566 3432 ’ί
584 3378 631 3443 τῆς
648 3379 727 3446 Αρτ,
745 3378 797 3446 τὴν
810 3382 853 3433 A¹.
871 3411 904 3421 -
922 3386 937 3435 9
955 3380 1006 3448 τὴν
1023 3377 1102 3437 διτταί

133 3439 185 3508 τὴν
205 3447 291 3527 οσίαν,
303 3445 333 3496 N.
352 3474 384 3482 —
405 3449 432 3497 11
452 3442 490 3512 μὴ
505 3447 546 3511 τῷ
564 3443 588 3501 δ.
607 3447 629 3499 Ν
647 3477 680 3486 -
697 3446 781 3500 καλὸν
798 3445 923 3520 κάγαθόν
941 3451 981 3532 Ν..1
996 3480 1028 3489 -
1043 3450 1102 3534 m

134 3546 269 3564 ..........
276 3529 352 3576 ησωυ
369 3513 391 3563 Ν
410 3529 460 3580 pr.,
483 3529 545 3566 corr.
564 3514 606 3567 N1.
624 3544 658 3554 -
675 3519 691 3569 2
712 3517 790 3568 verba
808 3513 950 3586 λογίζεσθε
961 3532 1010 3571 ὀτι
1026 3534 1102 3573 ουτοι

134 3577 250 3647 θρωποε
266 3579 291 3629 in
310 3582 421 3646 margine
434 3581 490 3633 add.
503 3582 545 3634 N².
563 3613 597 3621 -
615 3586 630 3636 3
648 3580 816 3650 ἀποβάσεσιν
833 3591 855 3635 Α
867 3602 904 3652 pr.
932 3603 993 3639 corr.
1006 3587 1049 3640 Αἱ.
1067 3616 1099 3629 -

135 3649 290 3710 suspectum.
307 3678 340 3686 —
359 3651 374 3701 9
391 3647 460 3701 καθ’
480 3648 573 3703 αὐτῶν
591 3652 647 3717 (εἰσ)
664 3648 761 3721 προσδ.
779 3654 816 3717 Α,
844 3653 903 3704 καθ
934 3649 993 3709 αότ.
1012 3648 1097 3722 προτί

135 3717 165 3765 11
185 3709 287 3766 εἰδόσιν
304 3716 403 3769 Reiske.
423 3746 453 3754 —
476 3720 507 3772 12
551 3738 644 3772 ..εται
661 3719 742 3785 Npr.‚
759 3725 865 3790 γίνεται
882 3721 963 3775 AN¹t:
982 3737 1044 3775 corr.
1058 3720 1094 3777 1111

135 3809 165 3818 -
190 3781 283 3841 113,4
306 3782 367 3837 τοδε
385 3805 413 3854 φ.
431 3785 488 3837 αδδ.
533 3791 648 3852 aetzner,
672 3793 751 3840 om.t
774 3818 807 3826 -
831 3827 956 3846 ........
966 3789 1037 3843 σθαι
1059 3790 1091 3856 (ft

133 3853 220 3919 γορη·)
238 3852 258 3900 Α
275 3867 327 3919 φτ,
350 3847 548 3922 ἀπολογεῖσθαι
565 3854 631 3906 A1N.
649 3884 682 3893 —
701 3858 716 3909 6
734 3859 779 3907 καί
796 3853 908 3910 ἐπειδὰν
925 3859 994 3910 ANt:
1017 3857 1049 3911 (le
1066 3872 1089 3915 11

134 3919 186 3968 tavi
203 3946 237 3956 —
254 3921 377 3990 φανερῶς
393 3921 423 3973 Ν.
442 3950 475 3960 -
493 3926 508 3975 ’1
527 3916 570 3974 ότι
586 3919 690 3989 μᾶλλον
707 3930 725 3976 1.
743 3953 777 3962 -
795 3927 809 3977 8
833 3945 942 3994 φαινακ.
960 3928 983 3979 Α
1000 3941 1050 3994 pn,
1073 3940 1087 3987 ο
