2324 4410
135 205 176 264 36
583 204 765 258 ΔΕΙΝΑΡΧΟΥ

136 369 340 462 ἀποφαίνειν
368 374 422 439 καὶ
451 375 568 439 τοῦτον
598 372 718 458 ἐκείνης
747 367 989 459 ὑποληφθῆναι
1020 396 1078 451 παρ

138 475 327 561 δικαιότερα
355 476 459 561 λέγειν
493 482 560 539 τών
595 474 772 557 αἰσχίστων
804 477 858 539 καὶ
895 472 1078 539 δεινοτάτω

102 591 121 652 3
139 577 266 662 διόπερ,
290 566 525 662 ώἈθηναῖοι,
549 569 647 654 οὗτός
668 599 726 659 μοι
749 576 847 656 δοκεῖ,
870 573 927 640 τόν
944 569 1078 658 άγώναι

138 675 279 762 νομίζων
303 674 391 764 αύτῷ
416 671 510 758 εἶναι,
540 677 839 759 διαπειρασόμενος
861 673 950 762 ήκειν
972 677 1029 761 τῆς
1052 671 1078 758 δη

60 791 62 796 ’
137 781 282 867 γνώμης·
305 776 438 845 ἅπαντα
459 776 521 863 γάρ
545 774 634 864 αύτῷ
657 778 817 857 πολλάκις
839 779 881 845 τὰ
904 778 995 845 δεινὰ
1016 802 1078 860 συμ

138 882 226 972 πλήν
249 889 310 949 τοῦ
331 881 531 947 ἀποθανεῖν.
572 888 670 945 τοῦτο
695 875 740 958 δ’,
775 873 814 945 ἀν
837 879 920 959 θεὸς
941 881 1024 967 θέλῃ
1048 906 1078 945 κε

140 986 341 1072 σωφρονῆτε,
367 982 400 1049 ἒν
422 984 464 1069 τῇ
487 981 627 1070 τήμερον
649 981 754 1070 ἡμέρη
777 982 988 1070 συμβήσεται.
1030 977 1067 1047 ού

55 1103 57 1106 ’
139 1088 186 1172 μά
208 1084 264 1152 τόν
283 1080 442 1168 Ἡρακλέα
456 1083 576 1168 βελτίω
591 1077 769 1170 γενήσεσθ’
788 1079 886 1151 αύτόν
903 1085 1078 1167 προσδοκά·

139 1185 269 1274 γνώμης
291 1185 361 1252 νυνὶ
383 1183 582 1269 τυγχάνοντα
598 1183 683 1269 παρ’
701 1181 800 1267 ύμών,
825 1179 902 1252 ούδδ
923 1185 961 1250 τὸ
985 1185 1078 1251 λοιπί

140 1292 261 1371 ξεσθαι
280 1296 340 1354 τοῦ
362 1287 540 1371 λαμβάνειν
562 1286 711 1373 χρήματα
733 1282 815 1354 καθ’
834 1283 936 1371 ύμών,
960 1287 1016 1354 ἐὰν
1032 1296 1078 1354 νῦν

142 1387 253 1460 αύτόν.
285 1389 462 1475 ’πονηρίαν
490 1389 552 1475 γάρ
581 1388 761 1475 ἀρχομένην
789 1391 848 1472 μὲν
878 1390 1023 1456 κωλύσαι
1049 1416 1068 1455 τ

142 1522 194 1575 τις
215 1493 363 1574 κολάζων
387 1495 561 1580 δυνηθείη,
585 1493 914 1579 ἐγκαταγεγηρακυῖαν
941 1494 1051 1562 δὲκαὶ
1075 1529 1078 1579 ;

142 1603 241 1683 μένην
264 1599 329 1664 τών
349 1595 547 1679 εἰθισμένων
569 1599 737 1681 τιμωριῶν
760 1590 921 1662 ἀδύνατον
945 1591 1078 1664 εἷναιλα

108 1700 174 1772 4εἰ
194 1701 253 1784 μὲν
277 1687 334 1765 οάν
358 1696 594 1783 ἐγγενήσεσθαι
614 1695 779 1782 βούλεσθε
795 1697 993 1764 δευσοποιὸν
1010 1700 1078 1777 έντ

126 1797 317 1886 πονηρίαν,
341 1799 574 1886 διαφυλάττειν
597 1794 682 1882 ύμάς
700 1793 968 1885 Ἀριστογείτονα
991 1802 1051 1881 δεῖ,

146 1901 219 1976 ὅτι
242 1901 281 1969 άν
303 1926 354 1979 τις
375 1900 534 1987 βούληται
556 1901 590 1968 ἐν
613 1905 652 1989 τῆ
675 1901 773 1969 πόλει
799 1903 1078 1986 διαπράττεσθαι4

144 2005 222 2085 τοδς
250 2005 418 2091 πονηροὺς
449 2007 503 2070 καὶ
534 2004 736 2088 καταράτους
760 1998 961 2089 ἀνθρώπους
983 2005 1078 2089 μισεύ

146 2109 236 2176 ἐ’στιν
273 2102 349 2191 ύμῖν
387 2101 464 2195 ἀργή
498 2109 552 2172 καὶ
580 2106 689 2192 μνήμη
718 2115 782 2173 τών
811 2107 973 2192 πρότερον
1002 2107 1071 2176 ύπὸ

147 2208 398 2295 πεπραγμένων,
422 2207 639 2275 ἀποκτείνατε
660 2211 786 2289 τούτου,
813 2207 849 2288 ὃς
871 2209 956 2293 παρ’
970 2206 1078 2296 Ἀρπό

148 2319 220 2396 βείν
241 2310 391 2396 χρήματα
413 2307 600 2395 ἐτόλμησεν,
626 2308 662 2376 δν
685 2308 814 2399 ᾔσθεθ’
832 2308 922 2398 ήκειν
944 2314 1078 2400 καταληι

148 2414 206 2500 τὴν
228 2413 329 2480 πόλιν
351 2409 452 2496 δμών,
474 2415 527 2479 καὶ
547 2413 607 2492 τὰς
624 2413 812 2500 προφάσεις
833 2417 886 2480 καὶ
903 2415 979 2495 τοὺς
995 2441 1078 2503 φενα

149 2516 311 2599 ἐκκόψατε
326 2515 427 2582 αύτού
436 2534 444 2550 ·
467 2515 597 2592 τούτοις
612 2515 672 2600 γάρ
688 2512 760 2604 ήκει
775 2514 942 2583 πιστεύων
958 2517 1043 2603 πρὸς
1056 2515 1077 2585 ἀ

114 2625 133 2685 5
229 2607 304 2702 Ἆρ’
321 2618 394 2684 ’ίστε
417 2613 470 2683 δτι
490 2619 550 2702 τῆς
571 2615 742 2701 Ἁρπάλου
765 2614 911 2704 ἀφίξεως
927 2619 1078 2704 δυσχεροί

125 2720 252 2816 έκεῖνο
275 2724 473 2804 συμβέβηκεν
497 2717 662 2805 εάτύχημα
684 2727 724 2807 τῆ
748 2719 854 2802 πόλει,
879 2721 964 2787 διότι
987 2731 1078 2806 πεῖρε

149 2816 231 2909 φατ’
256 2816 373 2907 ἀκριβῆ
395 2823 460 2887 τών
484 2815 566 2887 ἕνεκ’
593 2816 747 2907 ἀργυρίου
776 2825 829 2889 καὶ
855 2830 990 2908 χρυσίου
1013 2844 1078 2908 προ

149 2918 258 2990 πάντα
285 2932 356 2999 τοῖς
384 2924 442 3009 τῆς
471 2921 601 3000 πόλεως
631 2923 763 3007 ἐχθροῖς
770 2949 781 2999 ‚·
813 2923 859 3011 μή
890 2931 1078 3013 καταρρᾳθυ

150 3010 384 3111 ιδἈθηναῖυι,
408 3019 486 3110 μηδ’
505 3021 671 3112 ἀπείπητε
689 3026 928 3111 τιμωρούμενοι
942 3025 1019 3107 τούς
1040 3052 1078 3096 πι

150 3120 225 3191 ἀλλ’
251 3124 471 3208 ἐκκαθάρατε,
500 3121 584 3192 καθ’
610 3123 689 3194 ὅσον
713 3128 851 3195 δυνατόν
874 3129 960 3208 ἐστι,
991 3129 1051 3220 τήν

150 3234 222 3295 κίαν
246 3228 280 3294 ἐκ
301 3230 360 3314 τῆς
383 3224 523 3306 πόλεως.
547 3229 602 3296 καί
623 3229 668 3318 μή
692 3233 757 3297 τών
780 3230 862 3314 παρ’
887 3232 1070 3319 έμοάιλόγα

152 3355 199 3396 ειν
223 3328 414 3416 ζητήσητε,
445 3333 595 3416 φανερῶν
624 3327 700 3415 ὑμῖν
728 3339 946 3419 γεγενημένων
971 3337 1037 3401 τών
1059 3361 1066 3401 ι

222 3535 237 3585 8
259 3523 330 3599 παρ’
347 3527 392 3599 ἀμ.
410 3524 485 3584 ύπολ
503 3533 545 3588 Δί.
571 3564 604 3572 -
622 3537 637 3587 9
656 3535 776 3589 &ovim
802 3565 834 3576 -
856 3536 883 3601 3,
901 3540 917 3590 2
939 3532 1016 3603 αύτῷ
1037 3536 1059 3591 Α

151 3596 216 3669 ἀσφ.
236 3599 284 3653 εἴν.
302 3619 363 3667 νομ.
385 3600 426 3652 At.
450 3630 483 3639 -
507 3605 523 3654 6
544 3598 699 3673 μνήσασθ’
723 3604 745 3653 Α
768 3620 818 3670 pr„
846 3604 1014 3672 γενήσεσθαι
1035 3603 1057 3658 Α

152 3667 222 3732 τάχα
239 3684 293 3720 τισι
319 3684 382 3720 corr.
399 3667 509 3722 Bekker.
532 3699 566 3708 -
590 3675 621 3724 10
638 3675 831 3740 γιγανημὲνηνι
856 3672 954 3726 corr.B
974 3678 1000 3726 et
1017 3671 1055 3727 SR

152 3735 209 3800 4,1
230 3731 340 3789 δενσσπ.
359 3754 421 3790 πον.
438 3736 520 3790 Bekk.
538 3738 587 3792 An.
604 3738 622 3804 Ι,
640 3741 699 3801 237,
717 3739 788 3798 Suid.
808 3756 827 3792 s.
845 3757 870 3794 v.
894 3770 927 3778 —
949 3743 965 3794 3
987 3742 1053 3795 τινί

152 3833 186 3843 -
211 3799 386 3867 ἵν’,σθιτ’Ν
422 3820 456 3871 r.‚
481 3821 543 3858 corr.
567 3807 610 3860 ΝΞ.
632 3835 666 3845 -
689 3809 703 3860 8
726 3802 805 3873 ἡμῶν
826 3808 856 3860 Ν.
879 3838 912 3847 -
934 3808 993 3875 ὖ,1
1021 3804 1034 3824 ”

154 3857 279 3954 εοπῆλλλ,
303 3862 348 3942 ἀρ’
366 3871 394 3925 ἵο
421 3868 429 3889 ’
449 3879 467 3927 λ.
485 3903 517 3912 -
536 3876 551 3926 3
574 3870 658 3959 πάντ.
676 3879 782 3994 πηαϊεμ.
801 3874 823 3927 N
842 3905 874 3914 —
892 3874 929 3943 μὴ
946 3829 1049 3932 ούννάλ

154 3939 295 4010 καθήρατε
314 3941 425 4009 Sauppe.
442 3971 475 3982 -
494 3944 509 3994 8
528 3943 658 4008 ζητηοιτε
674 3941 696 3994 Ν
736 3959 784 4010 pr„
802 3959 865 3998 corr.
883 3944 927 3997 Αἱ

57 4030 164 4104 Q
