2324 4410
92 188 133 246 46
539 187 722 241 ΔΕΙΝΑΡΧΟΥ

92 355 182 438 ύμῶν
213 355 337 443 φήνας,
372 349 470 434 ούτος
503 357 672 442 προδώσει
705 354 765 444 τὴν
794 355 897 441 πεζὴν
925 358 979 424 καὶ
1009 354 1147 444 ναυτικὴ

93 454 240 541 δύναμιν.

44 569 80 628 11
178 560 240 647 Μὴ
264 548 336 637 σύν,
366 549 606 648 ώἈθηναῖαι,
636 559 695 648 την
724 568 855 647 τίμησιν
881 556 964 645 όπέρ
987 567 1056 626 τῶν
1077 581 1144 644 γεγ

92 669 239 749 νημένων
261 661 363 746 μόνον
384 659 452 729 ύπό
478 665 678 742 Φιλοκλέους
700 658 912 750 ἀδικημάτων
929 659 1073 749 ἡγεῖσθε
1121 695 1124 703 ·

92 765 159 831 λειν
182 769 370 843 ποιεῖσθαι,
395 763 479 831 άλλά
501 767 555 832 καὶ
577 762 661 850 ύπὲρ
684 768 749 831 τῶν
770 763 878 831 ἄλλων
893 759 937 832 ών
958 758 1035 853 <άν>
1057 763 1137 851 έπρ

91 867 143 945 ξεν
177 860 273 944 οὗτος
306 864 416 949 κύριος
447 867 628 952 γενόμενος.
673 870 726 933 καί
758 871 829 946 τοῖς
857 868 916 951 μέν
946 871 1044 944 θεοῖς
1074 866 1160 949 ἔχετε

89 968 183 1052 χάριν
206 964 291 1051 ύπὲρ
314 972 372 1034 τού
394 966 439 1057 μή
463 975 592 1037 παθεῖν
615 995 648 1036 τι
669 970 781 1052 μεῖζον
803 965 871 1037 ύπὸ
892 969 1011 1036 τούτου
1042 965 1158 1049 δεινόν,

92 1071 264 1154 ἐγνωκότες
293 1074 409 1138 τοῦτον
433 1067 504 1150 οἷός
527 1071 630 1153 ἐστιν,
661 1071 763 1152 άξίως
792 1071 824 1138 δ’
849 1067 940 1157 ὑμῶν
969 1067 1079 1139 αὐτῶν
1131 1105 1136 1125 ν

42 1180 150 1261 12της
183 1177 242 1240 τοῦ
284 1173 474 1256 κρινομένου
514 1180 675 1261 πονηρίας
708 1173 869 1241 κολάσατε
899 1172 1015 1241 αὐτόν·
1051 1169 1103 1252 ός,

87 1273 281 1361 Ἀθηναῖοι,
313 1274 383 1359 τρὶς
410 1275 470 1357 μέν
498 1270 690 1364 ἢτετράκις
713 1275 928 1361 ἱππαρχηκὼς
951 1273 1080 1358 ἀνδρῶν
1126 1312 1130 1327 ‹

90 1377 156 1442 λῶν
189 1375 362 1462 κάγαθῶν,
396 1377 571 1455 πλεονάκις
605 1377 636 1443 δ’
668 1371 688 1464 ἢ
721 1377 849 1457 δεκάκις
881 1375 1062 1464 στρατηγὸς
1094 1370 1154 1473 δφ

90 1476 179 1564 ύμών
202 1480 502 1567 κεχειροτονημένος
525 1475 583 1549 ούκ
606 1479 698 1560 άξιος
721 1479 781 1562 ών,
813 1480 996 1563 τιμώμενος
1025 1478 1124 1563 καλζ

89 1582 247 1666 λούμενος
269 1583 325 1649 διά
346 1582 406 1669 την
429 1583 513 1665 πρὸς
535 1582 619 1664 ὑμᾶς
641 1591 772 1664 πίστιν,
804 1580 950 1651 άπέδοτο
978 1582 1035 1650 καὶ
1056 1592 1156 1668 προί.

90 1685 173 1752 δωκε
201 1682 240 1750 τό
267 1693 327 1772 τῆς
355 1681 528 1770 ἡγεμονίας
556 1680 647 1772 ἡμῶν
670 1682 817 1769 ἀξίωμα,
847 1689 901 1754 καί
934 1685 981 1764 εἷς
1008 1683 1046 1752 τὸ
1075 1682 1149 1771 αύςρ

88 1791 283 1873 κατέστησεν
306 1786 422 1852 ἑαυτὸν
441 1782 709 1871 Ἀριστογείτονι,
733 1789 786 1854 καί
806 1785 981 1871 μισθωτόν
1003 1787 1057 1852 καὶ
1071 1812 1160 1877 προι,

40 1887 187 1975 13δότην
210 1887 281 1954 ἀντὶ
298 1892 478 1974 στρατηγοῦ
495 1886 659 1973 ἐποίησεν.
695 1891 811 1956 ἔπειτα
833 1886 1100 1957 ὑποστείλασθαί
1114 1890 1158 1967 uf

88 1991 139 2057 δεῖ
160 1990 244 2072 πρὸς
266 1989 324 2056 τὸν
347 1994 498 2058 τοιοῦτον
521 1987 622 2074 ύμᾶς
643 1994 696 2058 καὶ
721 1992 950 2080 αἰσχυνθῆναι,
985 1989 1062 2068 τοὺς
1081 1984 1150 2081 ἠόα.

87 2098 257 2178 κημένους,
291 2090 327 2170 ὃς
356 2091 413 2158 ούκ
440 2091 586 2180 ᾐσχύνθη
614 2097 752 2160 τοιαῦτα
779 2093 934 2175 πράττων
956 2085 1040 2160 καθ’
1063 2087 1147 2177 §aa

86 2193 228 2262 καὶτῶν
251 2192 378 2277 άλλωνς
409 2193 468 2277 οὐχ
489 2196 521 2261 οἱ
543 2182 777 2262 τοιοῦτοιτών
800 2194 991 2279 άνθρώπων
1015 2192 1136 2263 ἐλεοῖντ’

87 2289 126 2362 δν
151 2295 284 2374 εἰκότως
307 2292 390 2381 παρ’
416 2294 501 2380 ύμῖν,
529 2283 556 2363 ώ
575 2292 771 2384 Ἀθηναῖοι·
802 2298 930 2364 πολλοῦ
952 2323 988 2382 γε
1010 2298 1104 2363 καίδ

5 2375 13 2401 ⁰
87 2397 164 2465 ἀλλ’
190 2400 222 2466 οἱ
244 2398 469 2481 προδοθέντες
491 2393 530 2465 άν
553 2396 620 2467 ὑπὸ
646 2400 857 2479 Φιλοκλέους,
886 2400 918 2467 εἲ
938 2396 1004 2466 τιν’
1028 2392 1101 2466 σύτο

35 2503 255 2585 ίίοπαρέλαβε
276 2500 388 2585 καιρόν
413 2501 586 2587 χρημάτων
615 2503 764 2569 πολλῶν·
799 2502 831 2568 έν
861 2496 912 2580 οῖς
940 2503 993 2568 καί
1024 2497 1044 2589 ἦ
1071 2496 1097 2568 &a

85 2605 139 2670 καὶ
162 2603 195 2669 οἱ
217 2605 343 2685 λιμένες
366 2603 431 2671 εἰσὶ
460 2607 514 2672 καί
544 2603 584 2670 τά
613 2604 748 2689 νεώρια,
777 2602 798 2670 ά
827 2604 860 2670 ολ
887 2602 1047 2688 πρόγονοι
1072 2596 1093 2673 ύ

38 2704 384 2783 14κατασκευάσαντες
406 2705 593 2774 κατέλιπον.
631 2700 677 2773 ών
699 2704 1044 2792 ἀναμιμνησκομένους
1057 2702 1089 2790 δι

87 2795 325 2891 διἈθηναῒοι,
358 2810 408 2875 δεῖ
435 2807 480 2897 μὴ
513 2813 686 2892 παρέργως
709 2809 793 2890 έχειν
816 2808 902 2894 πρός
924 2807 983 2886 τάς
1005 2803 1072 2875 ύπδ

84 2908 205 2992 βουλῆς
219 2914 430 2994 γεγενημένας
449 2908 647 2994 ἀποφάσεις,
672 2903 746 2975 ἄλλ’
765 2908 959 2987 ἀκολούθως
981 2913 1081 2987 ταῖςν

85 3034 178 3095 τερον
201 3016 417 3096 κεκριμέναις
453 3011 586 3095 αἰσχρόν
614 3012 674 3096 γάρ
705 3009 865 3078 άπειπεῒν
887 3014 1075 3096 τιμωρουμά

86 3111 154 3178 ἐστὶ
185 3113 262 3190 τοὺς
291 3113 458 3197 προδότας
479 3122 538 3200 τῆς
560 3113 690 3193 πόλεως
711 3119 954 3201 γεγενημένους,
984 3115 1038 3182 καί
1067 3141 1072 3173 ¹

86 3212 267 3281 λείπεσθαί
288 3241 380 3293 τινας
402 3223 468 3283 τῶν
492 3211 611 3282 άόίκων
633 3217 686 3282 καί
703 3219 856 3303 πονηρῶν
872 3215 1066 3301 ἀνθρώπων,

154 3393 168 3442 ’ί
188 3387 275 3457 φήνας
291 3385 360 3440 καθ’
379 3384 424 3453 ύμ.
442 3387 465 3440 Ν
489 3416 521 3426 -
542 3384 594 3454 τὴν
616 3403 665 3439 om.
683 3388 756 3439 Ν-
775 3383 887 3453 πεζικὴν
903 3388 944 3442 At.
968 3415 1002 3426 -—
1025 3388 1058 3442 11

85 3457 203 3510 add.A².
221 3455 314 3520 -12‚
333 3458 348 3508 2
366 3458 416 3523 μὲν
434 3471 483 3507 om.
500 3457 541 3509 At.
559 3485 593 3493 -
612 3459 626 3508 3
645 3451 672 3507 δ’
693 3456 782 3511 οακΑ
800 3472 846 3523 pr.,
864 3455 921 3508 add.
938 3455 974 3506 A¹
991 3450 1057 3507 -δ

84 3541 132 3579 ras.
151 3524 235 3592 spatio
253 3525 324 3588 largo
342 3524 384 3576 N¹.
403 3553 436 3562 -
460 3528 477 3577 4
494 3517 654 3590 ζητούμενος
670 3523 693 3574 Α
710 3539 763 3591 pr.,
785 3538 848 3576 corr.
866 3523 909 3574 Αἱ.
932 3552 966 3562 -
989 3526 1005 3576 6
1024 3522 1054 3585 τί

84 3597 163 3662 τέραε
256 3587 398 3662 ἡγεμονίας
420 3593 480 3657 (sic,
505 3593 586 3643 erravi
604 3592 628 3644 in
648 3593 666 3643 G
690 3608 715 3658 p.
735 3594 759 3656 5)
773 3590 805 3654 Ν,
823 3595 943 3659 quattuor
961 3591 998 3644 lit.
1016 3592 1042 3643 in

84 3664 154 3742 φύλα
173 3675 267 3725 erasae,
284 3660 331 3744 τηε
347 3654 421 3731 ἡγεμ.
439 3654 518 3724 ύμιῦν
534 3660 593 3740 ma}¹
608 3659 719 3727 Sauppe,
737 3689 769 3744 ῖ-
787 3659 859 3742 λ3,2
876 3652 892 3710 ύ
912 3662 953 3712 lv:
972 3674 1035 3712 corr.

84 3748 208 3851 άλλη·
222 3725 1043 3876 §3522Nm‘ffffiffimffi?⁶÷1212130132⁰³51²⁷N02t1'2353222

82 3881 195 3936 κατασκ.
213 3867 277 3929 υμῖν
287 3864 316 3916 N.
336 3893 369 3904 -
389 3868 419 3916 10
439 3858 573 3917 ἀπέλιπον
585 3866 605 3914 Α
616 3880 663 3931 pr.,
680 3860 773 3916 κατέλ.
782 3881 835 3916 πον
847 3863 870 3914 N
880 3878 927 3930 pr.,
945 3878 1007 3915 corr.
1020 3862 1037 3913 λ

143 3936 160 3986 4
178 3937 237 4000 post
253 3936 419 4002 κεκριμέναις
435 3931 537 3984 ΒΙεεείο
556 3931 646 3984 deesse
663 3932 765 3984 videtur
781 3935 826 3982 καὶ
843 3929 947 3998 ταύτην
963 3934 1035 4000 κρίκε
