2324 4410
398 256 483 308 ΚΑΤΑ
500 255 719 309 ΦΙΛΟΚΛΕΟΥΣ.
1057 255 1098 314 43

25 409 229 501 δωροδοκίαν
262 422 453 509 γιγνομένην
461 451 472 504 ,·
512 420 568 489 καί
605 447 664 507 μοι
698 401 853 523 σκοπεῖτε
884 424 1004 511 ταότην
1037 425 1099 513 τὴν

24 515 151 609 στήλῃ
490 596 631 648 mm„

111 785 242 861 Καίτοι,
266 768 501 865 ὦἎθηναῖοι,
525 785 558 844 τί
581 772 619 844 δν
643 779 760 845 σ’ίεσδε
782 775 922 855 ἐκείνους
945 778 1021 855 τοὺς
1038 776 1122 850 δάν-ἓ

36 876 106 962 δρας
132 891 276 971 ποιῆσαι
305 881 467 967 λαβόντας
496 877 517 969 ἢ
547 881 727 968 στρατηγὸν
756 874 776 970 ἢ
804 881 929 968 ῥήτορα
955 879 1096 967 πολίτην

39 977 149 1049 ἐαυτιόν
178 986 270 1068 διόρα
299 980 472 1066 δεχόμενον
502 983 558 1049 ἐπὶ
586 996 657 1060 τοῖς
689 990 749 1070 τῆς
778 980 940 1065 πατρίδος
969 981 1095 1066 συμφέ-

42 1107 154 1167 ρουσιν,
186 1088 219 1152 οἳ
246 1085 303 1150 τόν
328 1082 502 1167 άλλότρισν
523 1084 579 1150 καί
600 1092 647 1170 τῷ
669 1090 754 1168 γένει
776 1087 828 1150 καί
852 1091 894 1171 τῇ
916 1084 1016 1169 φύσει
1038 1093 1096 1175 τῆς

40 1178 175 1266 Ἑλλάδος
202 1186 386 1269 ἄνθρωπον
417 1183 503 1252 οότω
535 1185 670 1264 δικαίως
695 1189 750 1253 καὶ
773 1186 955 1273 σωφρόνως
978 1186 1095 1272 ἐξήλα-

47 1311 91 1354 σαν
111 1289 154 1376 [ἐκ
175 1287 434 1373 Πελοποννήσου
457 1286 601 1376 πάσης],·
623 1288 794 1373 τοιγάρτοι
807 1291 872 1377 ,τῆς
887 1288 1017 1366 πόλεως
1039 1291 1093 1355 καί

47 1399 93 1458 τόν
112 1391 279 1476 προγόνων
301 1385 401 1470 άξίως
422 1390 647 1457 ἐκινδύνευσαν
664 1391 751 1476 πρὸς
766 1391 822 1456 τὸν
837 1389 1014 1476 βάρβαρον.
1040 1417 1056 1454 κ
1075 1417 1093 1454 κ

533 1682 584 1747 111.

272 1850 431 1933 ΚΑΤΑ
475 1847 844 1932 ΦΙΛΟΚΛΕΟΥΣ.

109 2027 149 2086 Τί
168 2020 228 2110 χρὴ
253 2022 356 2104 λέγειν
379 2021 465 2105 πρὸς
487 2023 551 2087 τῶν
574 2026 664 2087 θεῶν
688 2022 764 2103 περὶ
786 2020 939 2086 τοιούτου
955 2013 1090 2102 άνθροί-

38 2142 102 2200 που,
129 2115 151 2209 ἢ
172 2129 234 2187 ποῖ
242 2147 258 2198 ς
278 2119 446 2211 χρήσεσθε
468 2130 507 2209 τῇ
529 2122 646 2189 τσότου
670 2119 829 2208 πονηρίᾳ,
860 2119 896 2199 ὃς
918 2116 975 2203 οόχ
998 2118 1091 2202 άπαξ

36 2210 104 2287 άλλά
131 2226 201 2306 τρίς
230 2223 475 2310 ἐξεληλεγμένος
498 2220 564 2290 ὑπὸ
587 2233 645 2310 τῆς
668 2224 705 2303 ἐξ
723 2222 854 2305 Ἀρείου
878 2222 986 2307 πάγου
1008 2231 1088 2308 βου-

36 2318 93 2408 λη’ς,
115 2323 158 2403 ὠς
181 2322 274 2409 άμεῖς
297 2325 443 2404 ἅπαντες
464 2327 536 2392 ’ίστε
559 2329 613 2392 καί
637 2333 694 2392 νῦν
717 2325 751 2392 ἐν
772 2324 926 2415 τῷδήμῳ
943 2323 1085 2412 ἠκούετε,

33 2423 75 2487 καί
106 2425 307 2506 ἐψευσμένος
341 2423 498 2494 ἁπάντων
523 2421 714 2513 Ἀθηναίων
750 2425 898 2494 ἐναντίον
933 2426 988 2493 καὶ
1021 2430 1086 2492 τῶν

33 2527 294 2614 περιεστηκότων,
328 2528 465 2615 φάσκων
488 2528 644 2594 κωλόσειν
660 2526 833 2611 (Ἅρπαλον
857 2529 903 2608 είς
925 2529 982 2595 τὸν
1005 2535 1086 2595 Πει-

31 2635 98 2705 ραιᾶ
118 2633 381 2714 καταπλεῦσαι,
416 2628 596 2716 στρατηγὸς
624 2625 682 2715 ὑφ’
708 2626 797 2713 ὑμῶν
827 2630 884 2697 ἐπὶ
906 2630 965 2718 τὴν
988 2637 1087 2696 Μου-

30 2735 126 2810 νυχίαν
149 2735 201 2798 καί
225 2734 266 2798 τά
289 2733 410 2816 νειόρια
432 2739 750 2818 κεχειροτονημένος,
776 2734 829 2799 καί
854 2734 943 2816 διόρα
965 2732 1122 2818 coluri-2

28 2847 79 2907 σας
101 2835 213 2917 λαβεῖν
235 2834 317 2900 κατὰ
340 2833 475 2901 πάντων
497 2831 588 2916 ὑμῶν
611 2834 667 2900 καὶ
681 2843 741 2921 τῆς
755 2832 862 2918 χαίροις
884 2834 939 2901 καί
954 2832 1085 2901 παίδων

26 2932 70 2996 καί
96 2938 236 3019 γυναικεῖ’
239 2963 270 3016 ν,
301 2936 356 3003 καί
385 2936 597 3022 ἐπιωρκηκιδς
627 2934 662 3001 δν
693 2934 821 3019 ὤμοσεν
845 2933 941 3018 όρκον
964 2936 1084 3019 μεταξδ

23 3040 74 3097 τοῦ
103 3038 196 3115 ἕδους
222 3039 278 3105 καὶ
305 3047 364 3126 τῆς
392 3039 568 3125 τραπέζης,
608 3041 660 3104 καί
689 3038 821 3123 γράψας
849 3037 932 3104 καθ’
963 3040 1085 3107 ἑαυτοῦ

23 3134 175 3223 Ψήφισμα
203 3139 258 3206 καί
287 3141 436 3207 θανάτου
465 3140 686 3227 τιμησάμενος
716 3140 771 3207 ἐὰν
794 3139 940 3228 είλήφη
962 3167 996 3207 τι
1018 3150 1083 3208 τῶν

23 3241 184 3324 ίρημάτων
214 3237 260 3307 ὧν
281 3240 454 3328 (Ἅρπαλος
494 3243 539 3320 εἷς
569 3242 627 3331 τὴν
655 3242 763 3326 χώραν
792 3241 955 3324 ἐκόμισεν,
995 3239 1119 3327 δμως3

83 3449 260 3517 9γινσμένην
278 3451 296 3498 t.
315 3477 347 3486 -
365 3445 543 3512 morawa
560 3465 615 3500 ποι.
628 3449 665 3501 έν.
677 3467 703 3500 τ.
717 3443 777 3501 άνδ.
788 3448 830 3500 Δί.
848 3476 882 3487 -
899 3452 914 3502 6
933 3448 962 3498 ἐκ
978 3452 1014 3500 Π.
1032 3446 1082 3500 πά-

23 3522 61 3575 Γηε
78 3519 197 3581 suspecta
216 3514 333 3567 Bekkero
352 3517 394 3581 (cf.
407 3515 498 3568 Aesch.
511 3515 550 3578 111,
563 3518 622 3580 259)
644 3531 694 3569 om.
712 3520 731 3569 t.
748 3546 782 3554 -
801 3519 815 3568 ’ί
835 3517 924 3570 deesse
941 3517 1081 3581 compluria

23 3588 166 3634 ssonuerunt
183 3582 263 3649 Turn,
290 3584 312 3634 Ν
330 3585 424 3636 subicit
441 3580 512 3635 κατὰ
531 3578 755 3654 άριστσγείτσνσε.
778 3614 811 3623 -
835 3584 873 3650 ΙΙΙ,
891 3586 914 3649 1,
933 3589 945 3637 1
964 3581 997 3636 τὸ
1015 3584 1082 3654 πρὸς

23 3643 118 3718 λίοοχε.
137 3650 168 3702 de
186 3650 241 3704 Din.
260 3650 311 3702 iud.
327 3656 357 3704 10
375 3682 408 3690 -
426 3652 485 3704 τῶν
504 3652 529 3704 in
547 3667 595 3703 ras.
614 3654 647 3702 Αι
665 3682 699 3691 -
717 3649 851 3704 τοιούτων
868 3648 1032 3721 ἀνθρώπων
1051 3654 1081 3718 Ν,

25 3717 82 3771 Μ
106 3735 130 3784 p.
149 3722 173 3771 9.
197 3717 230 3756 '-
255 3711 374 3771 λόπωει
397 3713 490 3784 ἢπιστ
512 3735 575 3771 corr.
595 3719 703 3772 Bekkerq
729 3750 759 3758 -
786 3717 989 3790 3ίληλιγμένσε
1007 3721 1029 3773 Ν
1049 3750 1081 3760 -

23 3786 58 3851 ’ἧς
73 3780 126 3855 Ἀρ.
144 3786 175 3839 N.
199 3815 232 3824 -
257 3789 271 3837 5
290 3791 335 3838 καί
353 3791 411 3839 ante
429 3789 473 3850 ίψ.
493 3787 577 3840 δελετε
599 3789 656 3840 mal.
675 3788 770 3841 Reiske
791 3818 825 3827 —
848 3791 975 3841 ἐναντίον
992 3792 1038 3840 καί
1054 3789 1083 3841 in

23 3869 61 3905 as.
73 3853 116 3904 A1.
134 3883 167 3892 -
186 3858 200 3907 ’ί
220 3852 430 3907 καταπλεόσεινε
450 3872 513 3911 corr.
524 3856 631 3911 Bekker.
650 3886 683 3895 -
703 3860 718 3911 8
735 3860 985 3926 κεχειροτηνημίνοε
1002 3857 1083 3924 Apu,

23 3922 131 4040 ιρπύλί.
149 3921 261 4042 {mag
279 3923 447 3993 έπιορκηκώε
458 3925 536 3990 Apu,
555 3941 618 3977 corr.
628 3925 672 3980 ΑΞ.
691 3955 724 3965 —
743 3929 757 3978 5
776 3923 878 3995 εὶληφέι
898 3941 960 3977 corr.
971 3923 1082 3988 Bekloer,
1116 3941 1118 3945 ·

36 4028 42 4042 .
84 4004 133 4043 em.
208 4029 215 4055 ,
252 4031 258 4043 .
