2324 4410
367 216 451 268 RATA
467 214 753 269 ΑΡΙΣΤΟΓΕΙΤΟΝΟΣ.
1062 217 1101 275 41

31 374 118 462 λεκε,
147 388 200 451 καὶ
230 393 347 468 τοῦτον
375 383 476 466 μόνον
506 380 525 471 ἦ
557 383 592 462 ἒξ
613 378 744 466 Ἀρείου
767 379 878 466 πάγου
904 382 1006 469 βουλὴ
1029 388 1100 464 τοῖς

36 476 199 574 ἐζητηκόσι
220 482 274 553 καί
299 485 422 553 εἰδόσιν
446 482 699 571 ἀποπέφαγκεν·
723 479 761 549 οά
784 483 845 568 γὰρ
868 480 953 567 παρ’
974 484 1100 572 ἐκείνης

38 577 124 667 ὖμεῖς
151 589 340 672 πυθόμενοι
367 591 483 654 τοῦτον
512 588 585 654 ’ίστε
613 584 759 671 πονηρόν
787 587 842 651 καί
872 582 984 653 ἀδικοά
1009 585 1097 668 ὄντα,

42 683 107 754 ἀλλ’
132 691 264 768 ἕκαστος
299 687 389 773 ὑμῶν
423 685 565 775 ἀκριβῶς
594 683 664 754 οἶδε
691 687 750 774 τὴν
779 687 895 754 τούτου
925 688 1098 775 πονηρίαν.

45 788 117 860 ὥστε
148 791 187 859 τὸ
220 789 381 869 πολλάκις
409 791 581 877 λεγόμενον
611 785 735 877 ἀληθὲς
765 789 871 857 εἰπεῖν
901 790 1008 871 ἐστιν,
1046 788 1099 858 ότι

48 895 110 979 περί
135 895 193 976 μὲν
222 895 340 960 τούτου
363 893 422 982 τήν
444 898 563 980 ψῆφον
586 889 679 973 όμεῖς
701 893 835 974 μέλλετε
858 898 987 979 φέρειν,
1018 898 1096 977 περὶ

51 993 74 1062 δ’
93 994 176 1080 ὑμῶν
199 997 231 1063 οἱ
254 995 505 1082 περιεστηκότες
526 996 578 1060 καὶ
603 995 636 1060 οἱ
659 994 754 1061 ἀλλοι
776 995 907 1072 πάντες.

23 1119 26 1185 ξ
115 1099 177 1164 Διδ
197 1101 251 1165 καὶ
268 1096 449 1183 σωφρόνων
466 1097 534 1162 ἐστὶ
553 1098 724 1176 δικαστῶν,
749 1085 774 1161 ιά
794 1091 983 1182 Ἀθηναῖοι,
1007 1096 1125 1182 um

23 1190 26 1215 ¹
51 1198 108 1285 λμῖν
129 1198 241 1277 αότοῖς
264 1199 414 1267 ἐναντίαν
436 1199 574 1282 ἐνεγκεῖν
597 1199 655 1283 τὴν
678 1201 796 1286 ψῆφον
818 1198 902 1286 μήτε
924 1206 1010 1265 πᾶσι
1025 1209 1097 1277 τοῖς

52 1302 142 1380 ἀλλοις
166 1300 376 1384 Ἀθηναίοις,
411 1295 485 1367 ἀλλ’
512 1297 729 1384 ὁμοθυμαδὸν
758 1308 1097 1387 καταψηφισαμένους

50 1405 156 1483 πάντας
186 1406 395 1489 παραδοῦναι
424 1413 495 1481 τοῖς
522 1402 581 1470 ἐπὶ
609 1407 705 1470 τοῦτο
728 1410 936 1489 τεταγμένοις
959 1403 1096 1490 θανάτῳ
1120 1418 1123 1422 “

23 1511 25 1542 ²
50 1509 201 1593 ζημιῶσαι,
224 1506 336 1594 καὶμὴ
354 1512 523 1590 προέσθαι
546 1507 665 1594 καὶμὴ
687 1508 871 1588 προδοῦναι
893 1506 951 1594 τὴν
976 1502 1096 1572 δσίαν

48 1609 160 1695 κοίτην
185 1606 317 1691 εόορνον
341 1611 467 1697 ψῆφον,
492 1603 771 1694 ἀναμνησθέντας.
787 1605 838 1674 ότι
861 1609 978 1674 τούτου
1002 1607 1096 1676 κατό-

47 1737 146 1794 γνωκεν
169 1708 188 1798 ἡ
212 1710 313 1795 βουλὴ
338 1712 427 1792 δῶρα
443 1709 621 1794 λαμβάνειν
636 1709 718 1775 καθ’
735 1706 838 1792 ὑμῶν,
862 1711 980 1777 τούτου
1003 1717 1095 1778 κατέ-

46 1838 146 1895 γνωκεν
169 1810 186 1877 δ
210 1813 321 1900 πατὴρ
344 1812 399 1878 καὶ
422 1813 484 1892 ζῶν
507 1815 560 1877 καί
591 1811 786 1899 τελευτήσας
815 1808 938 1879 ἀδικεῖν
968 1812 1096 1896 ἑαυτόν,

47 1913 109 2000 [καί]
130 1915 183 1981 ἵνα
205 1914 242 1979 τὸ
265 1914 485 1998 πραότατου
508 1914 594 1980 ε’ίπω
610 1922 675 1979 τιῦν
692 1911 872 1996 ὀνομάτων,
897 1915 1015 1981 τούτου
1038 1941 1095 1980 κα-

45 2016 297 2112 ταχειροτονήσας
327 2013 344 2080 ὃ
374 2018 476 2104 δῆμος
505 2017 695 2099 παρέδωκεν
724 2014 800 2100 ὗμῖν
823 2018 1094 2102 τιμωρήσασθαι.

45 2112 124 2196 οὗτος
145 2118 256 2187 πολλὰ
277 2117 359 2185 κακά
379 2119 667 2204 διαπεπραγμένος
682 2119 742 2187 ἐπὶ
757 2121 921 2198 τοιοότοις
938 2121 1091 2206 εἴληπται
1101 2121 1125 2181 2

45 2221 200 2306 πράγμασι
223 2224 278 2286 νῦν
303 2216 438 2303 ἀδικῶν,
468 2216 527 2307 ἀφ’
553 2215 604 2299 οἷς
635 2221 769 2306 αἰσχρόν
800 2223 887 2289 ἔστιν
918 2218 994 2303 ὑμῖν
1023 2226 1095 2299 τοῖς

44 2321 216 2404 δικάζουσιν
246 2321 453 2406 ἀτιμώρητον
483 2323 580 2388 έᾶσαι
609 2326 734 2391 τοῦτον.
780 2331 853 2391 τίνα
875 2323 935 2409 γὰρ
958 2323 1094 2409 τρόπον,

42 2407 277 2512 ἀἈθηναῖοι,
316 2426 394 2509 περὶ
427 2427 492 2490 τῶν
528 2423 636 2492 ἀλλων
666 2420 872 2512 ἀποφάσεων
901 2429 1009 2494 οἴσετε
1037 2423 1095 2512 τήν

41 2533 167 2612 ψήφου
190 2523 211 2614 ἢ
235 2526 290 2593 διά
312 2535 404 2604 τίνας
427 2529 615 2613 προφάσεις
637 2531 702 2593 τῶν
725 2527 785 2616 ἤδη
807 2535 1001 2612 κεκριμένων
1025 2530 1097 2596 ἀσε-

39 2631 95 2695 σθε
115 2635 420 2716 κατεψηφισμένοι,·
454 2622 476 2717 ἢ
506 2627 561 2696 διά
589 2636 622 2695 τί
650 2629 688 2694 τὸ
716 2633 776 2714 μὲν
806 2626 1008 2716 ἀποφαίνειν
1037 2630 1096 2716 τὴν

35 2731 148 2820 βουλὴν
178 2730 253 2808 τοὺς
283 2731 460 2817 εἰληφότας
482 2733 523 2798 τὰ
543 2731 694 2819 χρήματα
717 2738 925 2818 φανεῖσθε
947 2730 1097 2798 σπουδά-

35 2826 145 2913 ζοντες,
169 2833 207 2899 τὸ
232 2835 268 2898 δὲ
290 2839 514 2917 τιμωρεῖσθαι
535 2833 611 2911 τοὺς
634 2832 938 2919 ἀποπεφασμένους
961 2835 1096 2915 Asines,-

30 2930 72 3022 μὴ
95 2937 154 3020 γὰρ
180 2934 285 3013 ἰδίους
308 2934 435 3019 ἀγῶνας
457 2933 594 3015 τοότους
616 2932 803 3021 ἀπολάβητε
825 2931 909 3003 εἶναι
931 2937 1013 3003 κατὰ
1028 2935 1122 3002 mm

29 3040 85 3101 νῦν
107 3038 216 3121 μόνων
240 3034 550 3124 ἀποπεφασμένων,
579 3033 664 3106 ἀλλὰ
691 3037 820 3117 κοινσδς
849 3043 902 3105 καὶ
926 3039 1007 3106 κατὰ
1029 3040 1095 3104 τῶν

28 3131 135 3206 ἄλλων
159 3136 361 3223 ἀνθρώπων.
406 3143 589 3225 δωροδοκία
618 3142 679 3227 γὰρ
709 3143 764 3210 καὶ
793 3144 959 3228 προδοσία
988 3166 1096 3226 κρινο-

25 3257 229 3273 ³5.ae—

28 3379 31 3383 .
93 3312 137 3374 19,
156 3313 170 3363 3
192 3306 281 3362 αὐτοῖο
300 3313 371 3377 ἐζητ.
390 3312 470 3364 Blass.
489 3342 522 3350 —
541 3318 556 3366 5
575 3305 639 3380 ὑμῖν
656 3314 678 3364 A
696 3330 742 3380 pn,
760 3330 822 3366 corr.
833 3314 875 3364 A1.
894 3343 927 3352 -
945 3316 960 3366 6
979 3306 1043 3365 ἀλλί
1064 3313 1095 3364 N.

23 3402 58 3418 κ
78 3384 92 3433 9
111 3377 138 3430 οἱ
155 3394 230 3444 supra
251 3395 351 3431 versum
368 3382 410 3431 A¹.
429 3410 462 3418 -
480 3380 525 3446 20,
544 3385 560 3434 4
578 3377 734 3450 παραδόναι
751 3385 773 3434 A
791 3398 838 3448 pn,
857 3398 920 3433 εστι.
932 3382 975 3446 A¹‚
993 3400 1033 3434 πα
1052 3377 1095 3434 αδ.

24 3445 158 3514 (roim)
177 3446 343 3498 Schmidt-
362 3449 407 3500 ίπί
425 3466 514 3499 τουτω
532 3450 554 3499 Α
573 3466 619 3517 pr„
637 3465 700 3501 corr.
718 3451 760 3502 A¹.
782 3480 813 3487 -
831 3455 846 3503 5
865 3453 910 3500 καί
927 3447 965 3516 μδ,
982 3400 1096 3518 προδοῦ-

23 3532 73 3567 ναι
91 3520 209 3582 εοερεείυ
229 3514 373 3566 Maetznero
392 3515 442 3569 del.
461 3516 534 3568 Blass
554 3547 585 3554 -
604 3517 700 3569 θείαν;
727 3534 790 3569 corr.
809 3518 918 3570 Bekker.
941 3546 975 3556 —-
996 3520 1012 3571 6
1031 3510 1096 3568 ἀνα-

23 3582 198 3648 μνησθέντεε
214 3584 236 3633 Α
255 3599 300 3648 pr.‚
319 3598 381 3635 corr.
400 3584 442 3636 A².
462 3614 493 3621 -
513 3589 528 3638 9
546 3589 591 3635 καὶ
609 3585 658 3637 del.
677 3585 823 3653 Ειορεκίοε,
847 3602 911 3638 serv.
932 3591 941 3637 t
961 3614 994 3622 -
1011 3582 1096 3655 πραό-

23 3648 324 3770 τερονᾸιεοιι.ἐΒεὶεηε.
347 3680 380 3688 -
405 3656 435 3704 10
454 3647 649 3738 παραδέδωκεν
668 3654 699 3706 N.
722 3683 755 3691 —
776 3654 819 3719 21,
840 3657 855 3706 2
872 3655 923 3705 νῦν
941 3669 991 3705 om.
1010 3655 1032 3704 A
1050 3670 1096 3720 pr.,

24 3721 112 3853 θλ,
213 3723 1097 3859 θ..·αιῖῖίιςιῖιιιλιν-Γῖῖῑιῖεκκοτέει

23 3854 105 3907 νεσθ.
124 3854 146 3905 Ν
164 3870 215 3920 ραι
235 3870 297 3906 corr.
316 3854 422 3908 Dobree.
446 3886 479 3894 —
502 3856 547 3919 22,
568 3859 580 3910 1
604 3852 638 3908 ῖδ.
657 3854 718 3910 τοδε
735 3852 777 3928 ἀγ.
796 3857 817 3908 Ν
837 3887 867 3896 -
891 3853 1057 3925 ὑπολάβοιτε
1074 3858 1096 3907 A

23 3954 57 3986 ÷
81 3916 137 3974 ἀπὸ
156 3921 214 3974 τῶν
231 3923 311 3987 Apu,
330 3939 393 3976 corr.
406 3923 449 3978 A¹.
468 3953 501 3961 —
520 3929 535 3977 2
554 3921 674 3994 ἀποπεφ.
689 3921 784 3991 μόνων
796 3925 827 3979 Ν.
845 3953 878 3964 -·
897 3929 912 3978 3
931 3919 1096 3997 ἀνθρώπων

23 3992 75 4044 del.
94 3991 218 4056 Hirschig,
238 3984 373 4042 ἁπάντων
390 3992 421 4043 ci.
440 3992 521 4045 Blass.

1100 4171 1125 4338 ί
