2324 4410
392 252 477 305 ΚΑΤΑ
496 251 715 305 mnemon.
1053 250 1094 307 49

44 423 177 510 μηδεμίαν
207 410 264 487 σάν
289 419 417 506 δέησιν,
446 412 686 506 ῶἈθηναῖοι,
716 415 794 507 μηδ’
820 421 912 488 έλευν
939 421 986 499 εἰς
1008 419 1092 504 ὑμᾶς
1103 428 1145 489 20

48 523 266 607 [λαμβάνοντες]
295 519 415 601 αὐτοὺς
443 551 460 586 κ
485 575 493 602 ,
526 550 569 610 μη
586 525 627 590 δὲ
657 524 715 613 τὴν
746 524 781 603 έξ
811 522 918 591 αὐτῶν
946 525 1012 589 τῶν
1039 524 1091 604 έρ-

44 651 90 714 γων
108 625 158 691 καί
181 629 240 713 τῆς
262 620 424 710 ἀληθείας
447 619 726 712 ἀποδεδειγμένην
749 621 825 707 ὑμῖν
846 624 930 690 κατά
944 628 1010 690 τῶν
1025 650 1093 707 κρι-

44 723 164 811 νομένων
197 719 327 792 άδικίαν
349 722 469 808 άκυρον
491 723 701 814 ποιήσαντες,
723 725 917 814 βοηθήσατε
936 733 1028 812 κοινῇ
1051 729 1092 815 τῇ

43 829 158 911 πατρίδι
181 826 235 893 καὶ
257 837 329 905 τοῖς
350 825 481 909 νόμοις·
503 831 607 894 ταῦτα
633 829 638 912 Ι
663 828 724 912 γάρ
748 826 921 912 άμφότερα
944 828 1089 895 διαδικά·
1102 841 1145 893 111

43 932 110 1012 ζεται
136 932 192 995 νῦν
221 931 309 1012 πρὸς
336 929 395 1018 τὴν
422 928 541 996 τούτου
568 936 741 1014 πονηρίαν.
790 927 874 1012 ὑπὲρ
903 929 1028 1014 πάσης,
1064 919 1142 998 ῶ21

40 1029 206 1117 Ἀθηναῖοι,
230 1034 287 1116 τῆς
308 1029 415 1115 χώρας
437 1035 493 1098 νῦν
515 1032 649 1114 μέλλετε
671 1032 783 1118 φέρειν
804 1029 863 1120 την
885 1035 1011 1120 ψῆφον,
1038 1033 1091 1098 καί

40 1141 86 1199 τῶν
113 1133 145 1198 έν
175 1130 275 1218 ταύτῃ
304 1138 635 1215 κατεσκευασμένων
662 1133 757 1216 ίερῶν
783 1133 925 1215 καὶτῶν
949 1132 1091 1216 ἀρχαίων

39 1241 165 1318 νομίμων
188 1237 242 1300 καλ
265 1241 323 1319 τῆς
346 1235 617 1322 παραδεδομένης
635 1232 703 1302 ὖπδ
719 1238 783 1300 τῶν
799 1234 971 1319 προγόνων
995 1231 1092 1318 ὑμῖν

38 1337 207 1416 πολιτείας,
238 1329 296 1418 σάχ
325 1331 408 1419 ὑπὲρ
433 1337 637 1416 Φιλοκλέους,
661 1337 780 1420 μόνον·
815 1330 913 1415 οὗτος
940 1337 1000 1420 μέν
1030 1336 1091 1420 γὰρ

10 1434 118 1509 ίαδτσῦ
146 1437 254 1504 πάλαι
283 1437 432 1504 θάνατον
455 1446 644 1524 κατέγνωκε.
691 1435 795 1506 ταῦθ’
827 1435 912 1522 ὗμᾶς
941 1437 1091 1505 ἱκετεύων

10 1550 12 1555 ’
37 1539 83 1624 λγῶ
104 1541 308 1623 δικαιοτέραν
329 1541 417 1607 πολὺ
441 1542 551 1627 δέησιν
565 1543 686 1625 δέομαι
700 1542 826 1609 τούτων
842 1544 906 1608 τῶν
929 1549 1092 1607 τοιαῦτα

36 1639 248 1726 πεπραχότων,
270 1643 316 1730 μὴ
342 1642 572 1727 ἐγκαταλιπεῖν
596 1640 679 1727 δπέρ
702 1637 749 1709 ῶν
772 1645 805 1710 οἱ
828 1643 989 1727 πρόγονοι
1001 1642 1091 1709 ’παλ-

36 1741 95 1821 λοδς
116 1741 295 1827 ὑπέμειναν
316 1743 495 1824 κινδύνους,
518 1740 600 1831 μηδ’
623 1745 669 1822 εἰς
692 1740 827 1824 άδοξίαν
851 1745 988 1828 αἰσχρὰν
1011 1739 1091 1829 άγα-

35 1851 87 1929 γεῖν
113 1846 151 1911 τὸ
180 1849 240 1933 τῆς
267 1847 401 1925 πόλεως
432 1843 577 1930 ἀξίωμα,
610 1847 695 1933 μηδὲ
726 1846 1000 1926 καταλλάξασθαι
1032 1847 1091 1936 τὴν

34 1948 103 2030 πρὸς
124 1948 260 2026 τούτους
281 1949 375 2032 χάριν
397 1952 462 2015 τῶν
485 1949 595 2032 νόμων
623 1949 678 2015 καί
705 1957 770 2016 τῶν
796 1957 855 2015 τοῦ
879 1949 983 2036 δήμου
1006 1948 1091 2035 (ψη-

34 2049 210 2138 φισμάτων>
231 2050 286 2116 καὶ
308 2054 374 2116 τῶν
396 2054 453 2136 τῆς
474 2051 597 2142 βουλῆς
617 2045 833 2138 άποφάσεων.
870 2049 1012 2136 ἀκριβῶς
1028 2051 1089 2136 γάρ
1100 2057 1140 2116 22

33 2151 104 2231 ἰὀτε,
135 2141 375 2235 ῶἈθηναῖοι,
408 2151 567 2237 ἀκριβῶς,
598 2149 649 2219 ὅτι
671 2149 767 2236 δμεῖς
788 2152 848 2236 μὲν
870 2153 963 2235 παρὰ
985 2155 1089 2219 πᾶσιν

34 2249 216 2337 ἀνθρώποις
245 2254 446 2322 έπαινεῖσδε
467 2265 541 2333 ταῖς
564 2262 790 2343 γεγενημέναις
813 2251 983 2342 ζητήσεσιν
1005 2250 1089 2337 δπέρ

32 2355 141 2422 τούτων
162 2359 229 2422 τῶν
248 2356 432 2442 χρημάτων,
457 2359 490 2424 σί
513 2356 546 2424 δ’
568 2358 810 2445 ἐξεληλεγμένοι
831 2358 993 2446 κατάντης
1016 2357 1090 2424 ἑαυ-

31 2459 82 2521 τῶν
103 2459 264 2541 πατρίδος
288 2460 377 2542 δῶρα
401 2459 572 2547 εἰληφότες
595 2464 734 2544 πονηροὶ
758 2462 811 2527 καί
836 2457 945 2526 άδικοι
966 2463 1020 2525 καὶ
1036 2484 1089 2542 μι-

32 2556 159 2646 σέδημοι
174 2560 363 2644 νομίζονται
378 2559 472 2642 εἶναι,
491 2564 601 2648 φιλεῖν
617 2559 703 2646 ὑμᾶς
720 2562 902 2646 φάσκοντες
917 2564 970 2628 καί
987 2561 1090 2644 πράτ-

30 2683 86 2726 τειν
107 2662 192 2745 ὑπὲρ
214 2665 279 2728 τῶν
301 2666 361 2751 τῆς
384 2663 515 2742 πόλεως
537 2662 686 2749 ἀγαθῶν,
708 2667 762 2729 καί
786 2661 833 2730 δι’
855 2661 940 2746 ὖμᾶς
962 2664 1089 2741 ἔνδοξοι

30 2768 229 2851 γεγενημένοι.

86 2970 131 3034 20,
150 2974 165 3023 2
183 2963 372 3037 λαμβάνοντω
389 2971 490 3037 seclusi,
508 2975 568 3038 post
587 2966 683 3023 αὐτοὺς
701 2970 826 3022 excidisse
845 2970 987 3036 putaverim
1005 2985 1088 3038 προσ-

28 3035 108 3099 έμενοι
121 3039 163 3089 vel
176 3039 231 3090 sim.
245 3038 318 3105 quid;
338 3037 440 3105 Sauppe
453 3039 538 3092 locum
556 3040 593 3092 sic
611 3039 758 3092 constituit:
775 3034 911 3105 μηδεμίαν
928 3027 978 3089 οὖν
995 3033 1089 3100 δέησιν

83 3101 148 3172 μηδ’
171 3103 247 3157 ἔλεον
265 3101 455 3176 (δεξάμεναι),
479 3103 548 3174 μηδὲ
570 3104 621 3172 τὴν
704 3101 814 3157 άδικίαν
838 3107 873 3157 εἰσ
896 3100 963 3172 ὑμᾶς
986 3101 1089 3172 λαμβά-

26 3186 112 3225 νοντες
130 3168 323 3239 (ἀναλαβόντες
340 3174 436 3241 Βλοει),
460 3171 544 3242 (μηδὲ
565 3172 616 3241 τὴν
638 3175 684 3241 τηε
700 3171 796 3242 βουληε
814 3170 972 3242 ἀπόφασιν)
989 3171 1088 3242 ἄκυρον

26 3239 183 3311 ποιήσαντες
205 3239 262 3293 κτλ,
285 3271 318 3280 -
343 3246 358 3295 5
382 3245 467 3312 πατρί
490 3243 580 3310 Αρκ,
609 3259 673 3296 corr.
698 3243 733 3293 Δί
756 3272 789 3280 -
813 3238 984 3305 διαδικάζετε
1001 3242 1024 3292 Ν
1042 3256 1088 3307 pr.,

26 3314 83 3361 corr.
102 3309 144 3360 N2.
162 3338 196 3347 —
215 3312 230 3362 6
248 3305 357 3361 τούτων
374 3312 457 3377 Αρκ,
476 3326 538 3362 corr.
557 3310 600 3366 Αἱ.
617 3340 651 3350 ·-
668 3311 711 3375 21,
730 3313 744 3362 3
762 3312 1025 3374 κατασκευασμένων
1042 3309 1088 3360 ΝΑ

23 3385 71 3441 γα,
95 3393 159 3429 corr.
178 3376 220 3430 A2.
237 3406 271 3415 -
290 3382 306 3430 4
323 3371 391 3447 ὑπὲρ
416 3379 507 3446 Δρα,
529 3372 583 3431 ὑπὸ
603 3379 637 3428 A¹
654 3407 688 3417 -
705 3374 796 3445 ὑμῶνε
820 3394 882 3430 corr.
900 3377 1003 3429 Reiske.
1022 3406 1053 3414 —
1073 3380 1088 3429 5

22 3445 70 3504 μὲν
88 3461 137 3497 om.
155 3446 195 3496 At.
217 3475 250 3484 —
269 3449 283 3497 7
302 3446 389 3498 ταῦτα
406 3446 477 3498 ΑΝίι
496 3446 655 3500 υοπ.Β1οεε.
673 3476 707 3485 —
727 3450 757 3500 10
777 3441 950 3498 ἀντικαταλλ,
963 3444 1089 3511 Hirschig.

21 3535 52 3552 κ
73 3517 101 3566 11
123 3529 192 3583 φηφ.
212 3512 270 3565 add.
288 3512 431 3576 Meetzner‚
456 3530 506 3568 om.
525 3519 543 3566 t.
562 3543 594 3553 -·
612 3514 658 3578 22,
678 3518 693 3568 3
711 3513 887 3566 ἐπαινεῖσθαι
905 3513 927 3563 Α
945 3529 983 3579 pr.
1001 3513 1023 3564 N
1042 3528 1087 3580 pr„

21 3584 83 3634 corr.
95 3581 152 3633 A¹N
157 3583 165 3613 ¹
178 3610 213 3622 —
226 3581 248 3632 N
263 3581 370 3633 subicit:
386 3580 456 3634 κατὰ
470 3578 631 3652 φιλοκλέουε.
644 3582 717 3635 Turr.
732 3582 821 3635 deesse
836 3582 960 3649 quaedam
975 3584 1088 3633 censent.

454 3840 656 3848 -ι--ι-α

74 4088 190 4121 ulmam
204 4089 243 4120 03.
