2438 4380
145 218 162 276 6
587 216 770 270 ΔΕΙΝΑΡΧΟΥ

141 391 194 456 καί
225 386 414 474 συγγνώμης
443 386 497 454 καί
521 387 657 474 χάριτος
687 383 837 470 ἐτύγχανε
865 385 957 468 παρά
987 395 1052 453 τιῦν
1077 388 1109 453 ἒν
1134 389 1140 454 ι

141 514 211 567 νοις
233 499 306 568 τοῖς
326 489 457 574 χρόνοις
480 490 845 573 συμπεπολιτευμένων,
871 487 908 554 ού
929 491 1040 572 λόγοις
1063 486 1140 556 ἀλλ’

140 616 211 677 γοις
233 592 359 676 μεγάλα
380 593 438 678 τήν
461 591 560 658 πόλιν
584 585 698 674 ἀγαθά
716 591 872 678 ποιήσας,
895 591 950 657 καί
967 593 1139 672 διαμείνας

140 696 201 780 τῆς
216 695 389 772 πολιτείας
412 696 464 761 καί
482 693 539 760 οὐκ
555 691 624 758 άνω
643 693 695 757 καί
713 692 801 757 κάτω
815 694 1081 777 μεταβαλόμενος
1097 692 1140 760 δύο

140 794 190 875 σύ,
215 795 421 882 ἐτελεύτησεν
446 794 483 860 ού
507 793 704 877 τηλικαύτας
726 791 782 858 τόν
806 794 908 882 δήμου
933 795 1071 881 αἰτήσας
1088 798 1140 870 δω,

141 893 226 965 ὥστε
248 901 312 963 τῶν
335 894 444 980 νόμων
468 891 553 963 εἶναι
575 902 739 979 κρείττων,
770 893 844 960 οὐδ’
870 895 1021 979 οἰόμενος
1045 899 1140 964 δεῖν·

140 994 355 1083 ὀμωμοκότας
377 1000 460 1067 κατὰ
483 997 561 1077 τούς
584 998 707 1080 νόμους
730 998 834 1064 σ’ίσειν
857 999 913 1085 τήν
934 1008 1051 1086 ψήφου
1076 1000 1139 1066 ἄλλ

137 1108 412 1186 προυργιαίτερον
435 1107 615 1168 ποιεῖσθαι
637 1103 695 1189 τής
724 1097 905 1183 εὐσεβείας,
937 1097 1012 1166 ἀλλ’
1038 1100 1140 1186 ύπομι

136 1205 189 1269 καί
211 1210 401 1288 κρίνεσθαι,
433 1203 462 1269 εἰ
485 1203 591 1282 δόξειε
614 1212 685 1280 τοῖς
709 1203 896 1286 δικασταῖς,
932 1206 985 1270 καί
1017 1199 1054 1269 ού
1078 1231 1140 1283 καη

137 1305 248 1392 λέγων,
273 1301 346 1372 τύδ’
372 1306 466 1390 ἕτερα
490 1308 621 1392 φρονῶν
644 1304 700 1370 καὶ
723 1306 926 1391 δημηγορῶν.

87 1415 126 1478 18
227 1403 293 1475 obn
316 1408 537 1488 ἀποκτενεῖτε,
562 1406 677 1492 άνδρες
696 1402 886 1494 Ἀθηναῖοι,
909 1409 966 1475 τὸν
989 1408 1110 1494 μιαρόν
1134 1437 1140 1474 ι

135 1534 192 1577 τον
222 1508 422 1595 ἄνθρωπον,
460 1508 497 1588 ὃς
525 1507 611 1592 πρδς
642 1510 765 1595 ἑτέροις
794 1512 934 1588 πολλοῖς
968 1510 1024 1576 καί
1052 1513 1140 1594 μεγά,

134 1610 348 1701 ἁμαρτήμασι
370 1611 425 1678 καὶ
448 1612 506 1698 τήν
532 1617 688 1698 Θηβαίων
711 1612 813 1678 πόλιν
836 1615 1002 1697 περιεῖδεν
1022 1610 1140 1680 όνάστι

132 1713 317 1802 γενομένηί,
339 1713 515 1799 τριακόσια
537 1715 681 1781 τάλαντα
705 1714 815 1800 λαβὼν
839 1716 884 1794 εἰς
906 1715 964 1801 τήν
988 1716 1117 1782 ἐκείνων

131 1825 245 1905 τηρίαν
268 1819 362 1904 παρὰ
391 1822 452 1884 τού
474 1822 613 1904 Περσῶν
635 1820 814 1905 βασιλέως,
847 1824 900 1887 καί
920 1814 1090 1903 Ἀρκάδων
1112 1818 1140 1905 ήι

130 1947 196 1988 των
220 1919 412 2005 εἷςἸσδμὸν
434 1923 490 1987 καὶ
511 1921 569 2006 τήν
591 1923 651 2005 μὲν
671 1924 764 2008 παρὰ
776 1923 1000 2008 Ἀντιπάτρου
1024 1931 1140 2007 πρεσβ.

131 2018 299 2107 άντρακτον
323 2021 603 2102 ἀποστειλάντων,
628 2023 685 2112 τήν
709 2025 745 2090 δὲ
767 2025 860 2109 παρὰ
882 2029 1036 2109 Θηβαίων
1059 2027 1125 2089 τῶν

130 2125 310 2209 λαιπιύρων
333 2126 617 2208 προσδεξαμένων,
650 2129 683 2191 οἳ
703 2127 786 2192 κατὰ
809 2126 981 2192 θάλατταν
1004 2127 1100 2208 μόλις
1124 2121 1140 2193 ό

130 2249 225 2292 κοντο
248 2225 333 2310 πρός
356 2227 508 2307 ἐκείνους,
533 2227 696 2314 ἱκετηρίαν
721 2229 847 2310 ἔχοντες
869 2226 925 2292 καὶ
946 2226 1098 2313 κηρύκεια

81 2330 353 2413 19πεπλεγμίνα,
384 2327 429 2407 τός
452 2330 595 2416 ἔφασαν,
629 2329 663 2396 ἐκ
690 2332 755 2395 τῶν
779 2329 931 2407 θαλλῶν,
962 2327 1108 2411 ἐροῦντες

123 2423 278 2513 Ἀρκάσιν
310 2426 369 2501 ὅτι,
391 2430 430 2496 ού
455 2430 513 2518 τήν
536 2431 623 2517 πρὸς
645 2429 722 2509 τούς
736 2428 896 2515 Ἕλληνας
917 2431 1031 2517 φιλίαν
1057 2436 1120 2517 Θηγ.

128 2533 282 2598 διαλῦσαι
310 2532 508 2616 βουλόμενοι
536 2545 609 2614 τοῖς
638 2533 830 2619 πράγμασιν
858 2532 1098 2621 ἐπανέστησαν,

127 2631 274 2701 ἐναντίον
301 2637 366 2702 τῶν
392 2631 550 2723 Ἑλλήνων
579 2631 673 2703 ούδὲν
703 2636 899 2721 πράξοντες,
931 2632 1014 2705 άλλὰ
1042 2635 1085 2702 τά
1111 2671 1115 2684 1

127 2733 240 2815 αὑτοῖς
255 2733 322 2805 ύιιό
338 2740 403 2805 τῶν
419 2737 624 2806 Μακεδόνων
647 2738 680 2805 ἐν
703 2741 745 2826 τῇ
767 2739 865 2809 πόλει
887 2742 1061 2827 γινόμενα
1085 2765 1098 2804 c

126 2837 235 2906 ούκέτι
257 2839 441 2922 δυνάμενοι,
471 2839 548 2910 ούδὲ
570 2842 628 2927 τήν
651 2842 801 2909 δουλείαν
824 2842 1013 2928 ύπομένειν,
1040 2841 1091 2906 ού(

124 2933 235 3024 ύβρεις
259 2936 356 3025 δρᾶν
377 2942 453 3020 τὰς
476 2943 522 3021 εἷς
543 2940 586 3010 τά
608 2942 769 3029 ἐλεύθερα
791 2945 929 3029 σώματα
947 2946 1093 3030 γινομένι

75 3048 116 3111 20
126 3034 176 3118 οἷς
199 3041 339 3126 ἑτοίμων
361 3050 543 3128 γενομένων
565 3053 631 3112 τῶν
652 3043 821 3128 Ἀρκάδων
844 3052 985 3132 βοηθεῖν
992 3095 1001 3124 ,
1033 3041 1087 3109 καί

125 3143 254 3209 σάντων
277 3144 310 3211 ἐν
334 3138 385 3223 οἷς
408 3134 492 3232 ήσαν
514 3151 636 3228 κακοῖς,
664 3150 717 3215 καὶ
741 3147 885 3235 φανερὸν
908 3143 1099 3232 ποιησάντω

193 3302 208 3351 2
227 3295 391 3370 ἐ.τύγχανεν
413 3302 437 3353 Ν
454 3319 502 3369 pr„
525 3301 655 3374 ἐτύγχανε
673 3303 716 3355 N².
739 3333 772 3341 -
796 3307 810 3356 3
832 3298 1083 3371 συμπεπολι....μ

124 3384 170 3435 με,
195 3366 487 3436 συμπεπολιτευμένων
505 3370 548 3433 N2,
571 3367 845 3437 συμπολιτευομένων
867 3373 913 3435 At,
938 3371 1008 3423 αλδ
1032 3386 1057 3436 p.

124 3435 181 3516 τήε]
207 3453 224 3496 η
246 3436 272 3486 in
294 3451 381 3488 rasura
406 3439 440 3488 A*
455 3467 498 3519 Ι-
520 3437 567 3503 τῆε
591 3433 706 3557 ήήιύτῆε)
730 3438 791 3522 πολ.
817 3441 897 3526 ὒοήεῐ
919 3467 953 3478 -
979 3442 1072 3505 μεταβι

125 3507 184 3568 (ενα)
204 3503 227 3554 Α
245 3520 292 3570 ρο,
309 3501 543 3571 μεταβαλλομενοε
559 3507 595 3557 Α1
620 3543 626 3558 .
644 3536 678 3544 -
696 3511 711 3561 8
732 3523 916 3575 ωμωμοκεταε
933 3506 956 3557 Α
971 3523 1018 3574 ρο,
1036 3521 1074 3558 σοι

124 3568 189 3623 ἄλλο
213 3589 230 3622 τ
231 3595 309 3624 .....
328 3574 344 3624 9
367 3568 504 3638 εὐσεβείας
530 3590 605 3641 supra
629 3589 731 3628 versum
759 3577 795 3626 Α1
816 3607 850 3615 -
874 3579 1076 3645 πουργιαίτεροτ

124 3656 188 3693 corr.
206 3638 241 3690 N²
259 3669 291 3677 -
309 3635 457 3705 ὑπομένων
474 3641 691 3710 κατακρίνεσθαι
708 3643 781 3695 Wolf
798 3649 817 3696 t.
840 3674 872 3683 -
899 3647 930 3696 10
948 3639 1078 3704 δόξειεν]

124 3722 233 3761 erasum.
251 3737 284 3745 -
301 3709 373 3771 1⁸,9
391 3705 517 3780 κηρύκεια
534 3709 592 3761 N¹A
604 3727 651 3777 pr„
670 3710 799 3780 κρόκινα
812 3711 834 3762 Ν
846 3729 893 3779 ρο,
911 3713 937 3763 in
956 3713 978 3762 Α
996 3729 1009 3762 ι
1026 3726 1080 3763 eras

123 3772 203 3895 ήύκια
220 3784 238 3828 t.
256 3805 289 3814 —
311 3775 356 3840 19,
376 3779 388 3829 1
408 3772 528 3828 δαλῶν
546 3776 582 3838 Ν,
606 3794 655 3830 una
676 3779 749 3832 litera
767 3795 838 3832 erasa
858 3810 891 3818 -
909 3775 1081 3849 συμπεπλεγμ

149 3839 241 3894 αίλῶν
258 3844 307 3895 del.
327 3844 436 3911 Sauppe.
454 3873 488 3881 -
514 3849 528 3897 5
548 3839 651 3898 αὖτοῖει
674 3863 736 3901 corr.
755 3846 863 3900 Bekker.
882 3877 915 3886 —
934 3852 949 3901 5
966 3843 1072 3918 γινόμεν

101 3913 102 3918 ’
122 3909 157 3962 Μ.
176 3940 208 3950 -
228 3915 242 3962 7
260 3907 378 3979 δρῶντες
393 3910 453 3963 AN:
476 3927 538 3964 corr.
556 3913 658 3966 Bekker
676 3945 709 3954 —
725 3919 878 3986 γινομένας.
897 3921 915 3969 t.
936 3946 970 3954 -
992 3914 1040 3976 2⁰,
1059 3921 1064 3934 ‘

124 3977 235 4030 σάντων
253 3980 282 4030 ίν
300 3981 322 4030 Α
339 3996 386 4048 pn,
403 3995 467 4032 corr.
486 3980 528 4032 λδ.
