2324 4410
148 195 190 254 32
598 198 779 252 ΔΕΙΝΑΡΧΟΥ

148 368 254 446 δεῖξαι
282 365 321 431 τὸ
350 365 553 451 πρόσωπον,
583 362 655 434 οὐδ’
682 367 813 435 ἐναντία
841 371 882 455 τῇ
908 371 965 457 τῆς
987 370 1104 456 βουλῆς

148 469 249 555 φάσει
272 471 374 552 λέγειν
398 464 520 556 ήξίωσε
540 507 584 518 -—
604 477 713 536 καίτοι
742 468 799 538 οάκ
821 472 965 555 ἔγραψεν
991 470 1104 548 ἐκεῖνος

148 569 248 638 αὑτοῦ
270 576 387 657 κυρίαν
410 565 494 637 εἶναι
519 573 579 657 τήν
608 571 748 660 βουλήν,
778 568 855 639 οὐδὲ
882 573 1032 639 θάνατον
1062 569 1104 657 ιόρ

148 674 204 741 ε’άν
227 668 413 760 ἀποφανθῇ
435 670 583 758 χρήματα
606 674 750 760 εἰληφώς
772 694 829 723 -·
853 675 892 741 σὺ
916 676 951 741 όὲ
974 672 1063 741 οὕτω
1087 699 1104 739 ο

146 783 369 852 πεπίστευκας
394 786 467 854 τοῖς
490 784 629 843 σεαυτοῦ
647 775 757 861 λόγοις
778 779 831 843 καί
848 778 1104 865 κατοπεφρόνηκ

145 879 270 944 τούτων
292 871 455 963 εὐηθείας,
481 874 565 945 ὥστε
580 878 709 946 πείσειν
725 881 791 946 οἴει
812 880 888 957 τοὺς
909 880 1067 957 δικαστάς
1090 906 1104 944 ιι

146 1004 204 1047 νου
233 984 292 1046 σοῦ
321 987 543 1061 κατέψευσται
572 982 611 1047 τὸ
640 982 810 1064 συνέδριον
838 985 892 1048 καί
922 983 1023 1064 μόνον
1047 981 1104 1048 οὐκ

146 1083 234 1169 φότα
256 1085 294 1149 σὲ
315 1083 354 1149 τὸ
376 1089 509 1165 χρυσίον
532 1078 782 1171 ἀποπέφαγκεν.
814 1088 867 1150 καί
883 1082 935 1162 τίς
952 1078 991 1150 ἀν
1013 1089 1104 1150 ταῦτι

145 1191 266 1272 σθεέης

74 1301 134 1362 105
227 1286 353 1371 Ὁρᾶτε,
377 1274 611 1375 ὦἎθηνοῖοι,
634 1296 668 1355 τί
682 1291 816 1373 μέλλετε
830 1294 950 1356 ποιεῖν.
986 1291 1104 1372 παρειλ

144 1391 238 1476 παρά
259 1399 318 1457 τοῦ
342 1391 447 1478 δήμου
469 1390 507 1456 τό
531 1391 720 1475 πράγματά
739 1398 948 1478 γεγενημένον
972 1391 1104 1458 είόάτο

143 1501 271 1576 μωρίας
294 1487 327 1557 δ’
353 1493 444 1559 ἕνεκα
466 1497 523 1578 τῆς
544 1491 627 1559 κατά
648 1497 714 1558 τῶν
733 1491 852 1575 ένόχων
869 1491 973 1559 όντων
987 1499 1062 1571 ταῖς
1078 1491 1104 1559 ἀ

144 1619 218 1662 σεσι
232 1601 451 1681 Δημοσθένης
474 1593 639 1680 εἰσάγεται
662 1599 805 1678 πρῶτος.
842 1596 1104 1682 κατηγορήκαμεν

72 1709 131 1771 106
145 1697 257 1762 οὐδὲν
280 1695 575 1778 καταχαρισάμενοι
596 1698 662 1760 τῶν
680 1703 797 1761 κοινῶν
815 1694 959 1762 δικαίων.
998 1696 1101 1778 πάτερ

144 1798 300 1887 λήσοντες
325 1805 390 1862 τῶν
411 1802 627 1883 γεγενημένων
651 1793 807 1863 ἀπάντων
830 1796 977 1885 ἀφήσετε
999 1798 1056 1863 τόν
1079 1825 1106 1864 π

144 1899 382 1986 εἰσεληλυθότα
404 1899 490 1981 πρὸς
511 1896 596 1979 ὑμᾶς
621 1901 675 1965 καὶ
697 1899 739 1965 τά
763 1897 873 1965 όίκαια
896 1898 961 1986 [τὰ]
985 1901 1104 1982 παρὰι

142 2027 194 2089 μῳ
217 2004 269 2067 καὶ
292 2009 333 2089 τῇ
353 2003 458 2089 βουλῇ
480 2004 519 2087 τῇ
543 2001 578 2080 ἐξ
595 1997 726 2087 Ἀρείοο
749 2001 858 2085 πάγου
888 1999 1019 2081 δόξαντ’
1046 1996 1104 2068 εἶνι

80 2150 81 2153 ¹
142 2115 214 2182 τοῖς
242 2102 356 2182 ἀλλοις
384 2100 510 2170 άπασιν
546 2100 757 2186 ἀνθρώποις,
791 2103 894 2171 ταῦθ’
925 2101 1019 2186 ὑμεῖς
1047 2104 1080 2171 σί

143 2208 278 2272 πάντων
303 2204 426 2285 λύσετε,
450 2208 502 2271 καὶ
525 2207 585 2294 τήν
607 2212 769 2292 πονηρίαν
790 2202 882 2273 αὐτοὶ
905 2206 963 2295 τήν
985 2205 1104 2273 τούτων

71 2310 301 2390 107όέξεσθε,·
334 2301 355 2393 ή
383 2315 489 2374 πᾶσιν
518 2304 715 2391 ἀνθρώποις
745 2306 955 2392 παράδειγμα
978 2308 1104 2387 ἔξοίσεσ

142 2411 198 2478 νόν
220 2410 304 2497 ὑπὲρ
328 2418 385 2498 τῆς
407 2409 546 2488 πόλεως,
571 2405 623 2476 ότι
643 2417 770 2492 μισεῖτε
785 2410 861 2487 τούς
876 2411 1045 2492 προδότας
1065 2436 1104 2478 ιια

107 2517 110 2523 ’
140 2512 312 2597 χρημάτων
344 2513 435 2579 ἕνεκα
464 2517 681 2595 προϊεμένους
710 2512 752 2578 τά
773 2519 832 2579 τοῦ
855 2509 959 2601 όήμου
983 2518 1104 2600 σομφέρ

140 2619 243 2682 ταῦτα
264 2615 325 2699 γάρ
349 2611 482 2681 άπαντά
504 2615 592 2680 ἐστιν
624 2613 682 2700 ἐφ’
706 2611 783 2696 ὑμῖν
813 2622 882 2694 νῦν,
913 2617 965 2681 καί
997 2640 1104 2683 πεντα

140 2717 195 2784 καί
215 2719 317 2800 χίλιοι
341 2714 433 2794 ὄντες
454 2717 514 2805 τήν
537 2713 669 2799 ἀπάσης
685 2724 745 2805 τῆς
760 2714 890 2794 πόλεως
907 2723 1072 2804 σωτηρίαν
1088 2716 1102 2787 l

140 2818 248 2902 χερσὶν
271 2820 373 2901 έχετε,
402 2821 455 2884 καὶ
478 2815 498 2904 ή
521 2819 661 2905 τήμερον
683 2814 789 2904 ήμέρα
813 2822 866 2884 καὶ
889 2815 909 2908 ή
931 2815 1097 2903 ὑμετέραν

140 2921 269 3009 πολλήν
295 2919 482 3009 ἀσφάλειαν
511 2924 551 3008 τῇ
580 2919 679 2987 πόλει
701 2919 899 3009 καταστήσει
921 2921 962 2986 τά
985 2924 1092 2989 δίκαια

140 3021 324 3090 ἐθελόντων
347 3021 485 3108 κρίνειν,
516 3018 538 3107 ή
562 3021 734 3110 μοχθηρός
756 3021 895 3101 ἐλπίδας
917 3024 1087 3112 ποιήσεσι

139 3151 198 3204 τας
221 3127 303 3208 έχειν
327 3123 468 3192 τοιαῦθ’
492 3122 583 3206 ἀμῶν
607 3127 669 3210 ἔθη
692 3125 933 3192 καθιστάντων.

69 3238 128 3301 108
229 3223 278 3294 Οὖ
292 3227 537 3313 καταπληκτέον
553 3225 651 3309 ἐστίν,
675 3227 790 3312 ἀνόρες
802 3222 991 3315 Ἀθηναῖοι,
1016 3227 1080 3296 οόό

208 3369 222 3418 5
241 3361 358 3426 ἐνδεῖξαι
375 3364 398 3416 N
415 3393 450 3402 —
467 3365 502 3436 τῇ
520 3380 569 3419 om.
588 3364 611 3415 Α
628 3381 679 3431 φτ,
702 3365 759 3418 add.
778 3366 819 3421 ΑΙ.
842 3394 876 3404 ·-
894 3370 909 3418 7
929 3361 1012 3417 αὐτοῦ
1029 3362 1076 3423 ΑΝ

139 3452 208 3486 σατο
230 3432 335 3502 (ἑαυτῷ
358 3430 409 3498 τήν
431 3433 547 3501 ζημίαν)
570 3433 628 3484 mal.
653 3431 789 3485 Maetzner.
813 3462 847 3472 -
873 3437 903 3487 10
922 3432 989 3486 οἴειν
1005 3435 1027 3485 Α
1045 3448 1073 3500 pr

140 3518 204 3555 corr.
220 3531 256 3542 -
273 3502 364 3562 1οὂ,2
383 3495 464 3552 είόοτε
483 3516 546 3553 corr.
559 3501 700 3568 Emporius,
717 3497 820 3554 ὅνιιόοε
834 3500 915 3564 Turn,
934 3498 1012 3554 αὐτοὶ
1028 3520 1070 3573 γτγ

138 3565 240 3621 εἰδότες
258 3569 374 3622 Scheibe.
393 3597 425 3608 -
444 3573 459 3622 5
478 3564 569 3621 odam
586 3568 656 3621 ANt:
680 3585 744 3622 corr.
763 3569 864 3632 Reiske‚
887 3570 953 3621 idem
971 3584 1067 3637 propos

138 3634 236 3690 οὐδενὶ.
259 3667 294 3677 -
316 3636 412 3702 106,3
437 3632 504 3706 παρ’
528 3639 619 3705 Apu,
643 3633 711 3707 πρὸς
731 3636 766 3687 A¹
788 3667 822 3677 —
846 3634 883 3690 τὰ
903 3638 994 3689 abesse
1017 3637 1088 3712 ωιήη

139 3708 214 3760 eiecit
231 3704 368 3758 Maetzner.
393 3735 426 3744 -
452 3709 467 3758 5
490 3703 518 3756 οἱ
540 3721 615 3772 supra
634 3720 736 3757 versum
758 3706 801 3757 λ’.
826 3735 858 3744 -
883 3709 898 3758 6
922 3699 1076 3772 ἀναδίξαση
1096 3725 1104 3770 η

138 3790 202 3839 σοιν.
220 3775 263 3825 ΑΙ.
281 3774 392 3838 -107,
410 3776 425 3826 3
447 3776 606 3844 προιμένουε
622 3771 653 3826 Ν.
671 3802 705 3811 -
723 3778 737 3826 7
756 3774 787 3825 έν
803 3773 838 3845 τῇ
855 3774 887 3825 Ν.
904 3803 938 3813 -
956 3776 971 3827 8
990 3791 1060 3839 πονη
1075 3765 1095 3830 λι

137 3839 276 3912 μοχθηρὰς
292 3841 327 3892 A¹
351 3871 384 3879 —
406 3843 477 3907 ἔχειν
499 3837 627 3906 ποιήσετε
644 3839 788 3894 πάνταεΝ
818 3871 852 3880 -
875 3838 984 3908 ποιήσοι
1001 3841 1066 3898 Βολιι

136 3911 251 3961 τοιαῦτα
269 3910 299 3962 Ν.
318 3938 351 3948 -·
367 3910 430 3973 1⁰8,
451 3913 463 3962 1
482 3906 685 3961 καταπλεκτέον
701 3910 722 3961 Α
736 3925 773 3976 pr.
791 3909 814 3960 Ν
827 3926 873 3977 pr„
895 3925 958 3962 corr.
975 3908 1047 3961 A’N'
1062 3931 1088 3975 ς

137 3973 197 4046 δρεε
213 3979 247 4029 At
265 4007 296 4016 -
315 3973 459 4032 πλ..τεόν
477 3978 557 4044 Apr„
574 3980 704 4046 προετέον
721 3977 763 4029 λ’.
