2324 4410
184 317 343 375 CAUSAE
362 323 565 378 HARPALIGAE
583 320 771 375 DESCRIPTIO
789 320 913 374 naevis.
936 276 938 280 Ι
1054 319 1097 372 Vll

10 488 186 568 mffunder,
215 496 260 557 de
281 498 468 581 Crippsiano
494 510 524 562 et
546 499 708 561 Oxonicnsi
723 498 920 579 Antiphontis,
950 496 1097 572 Dinarchi,

10 593 116 673 yourgi
142 596 346 676 codicibus,
370 572 438 666 diss.
465 603 561 664 Berol.
587 603 684 677 18823
717 601 864 674 Hertlein,
893 600 1019 661 Hermae
1040 600 1097 661 vol.

10 694 62 770 111,
79 700 124 762 13
139 717 216 778 Sti-3
247 702 409 781 Gebauer,
425 707 465 795 de
481 706 647 785 argumenti
663 724 697 766 ex
713 713 808 765 contr.
824 703 935 777 formis,
958 703 1097 764 Zwiccav.

13 800 69 864 877
88 810 120 862 et
132 800 264 884 Lysiae
282 827 334 870 or.
350 810 485 884 selectae,
507 807 575 870 libri
592 807 786 887 Frobbcrger.
803 807 848 867 ed.
861 805 897 880 11,
912 806 991 887 Lips.
1006 808 1097 869 1880.

71 903 143 984 Ego
169 904 409 974 Turicensium
430 912 488 988 (ed.
509 912 579 972 Tur.
601 912 776 975 1839-43.
800 913 829 972 4.
852 937 894 962 =
915 908 939 987 t)
960 908 1096 970 lectioni-

10 1026 49 1069 rns
67 1018 239 1088 perpetuo
258 1014 408 1077 adhibitis
429 1034 480 1076 eos
494 1016 584 1088 locos,
608 1015 658 1093 qui
680 1014 725 1074 vel
748 1032 764 1073 a
785 1012 869 1074 libris
890 1013 1097 1091 manuscriptis

10 1111 140 1173 recedunt
156 1113 214 1175 vel
233 1116 301 1178 alia
317 1118 356 1179 de
372 1136 458 1179 causa
473 1117 545 1178 mihi
560 1135 623 1179 esse
638 1116 768 1177 incertae
784 1115 947 1195 scripturae
958 1114 1098 1176 videban-

10 1224 57 1289 tur,
70 1214 169 1277 literis
187 1216 340 1282 diductis
355 1220 487 1301 insignes
503 1219 631 1295 reddidi3
654 1237 767 1293 eorum,
782 1236 857 1297 quae
872 1218 935 1296 ipse
950 1217 1098 1297 temptavi,

11 1316 123 1381 hermae
146 1317 382 1384 Berolinensis
402 1322 458 1384 vol.
481 1321 616 1402 proximo
639 1321 768 1382 rationes
791 1320 958 1381 redditurus
980 1338 1054 1381 snm.

84 1470 282 1535 Scribebam
289 1474 479 1537 Vratislaviae
492 1473 621 1536 calendis
633 1473 801 1535 Februariis
809 1470 1097 1534 Mnccctxxxvn.

463 1763 664 1771 ——ae—

141 2085 306 2155 exusti
328 2085 563 2154 mnrxnloxn
585 2085 797 2154 DESCRIPTIO
820 2085 963 2154 anvls.

514 2243 610 2252 .-

51 2424 64 2433 ,
102 2362 270 2447 Harpalus,
292 2362 472 2443 Babyloniae
493 2363 670 2442 praefectus,
693 2382 760 2424 cum
777 2363 976 2425 Alexandrum
997 2382 1098 2444 regem

10 2525 13 2545 ,
42 2464 280 2546 dexpeditione
302 2464 403 2526 indica
425 2483 612 2526 reversurum
636 2465 749 2527 diffisus
771 2465 904 2528 luxuriae
933 2476 962 2527 et
987 2466 1098 2546 rapinis

10 2552 15 2562 ’
43 2586 65 2631 tt
80 2568 256 2645 dedidisset,
286 2566 480 2629 Athenienses
509 2568 649 2628 frumenti
678 2586 784 2648 magna
811 2569 896 2648 copia
918 2569 1025 2630 donata
1048 2570 1098 2630 de·

45 2669 118 2733 tinxit
139 2682 186 2749 et,
215 2670 269 2732 ubi
292 2669 490 2731 Alexandrum
518 2680 635 2749 praeter
664 2669 835 2750 opinionem
864 2671 975 2732 salvum
1001 2670 1097 2732 redire

40 2760 177 2855 'ognovit
199 2772 318 2854 ingenti
339 2772 466 2852 pecunia
488 2783 518 2833 et
538 2771 790 2833 mercenariorum
812 2792 863 2833 sex
883 2773 1001 2834 milibus
1016 2792 1098 2834 com-

46 2876 137 2955 paratis
164 2875 290 2957 triginta
315 2874 437 2937 navibus
459 2894 495 2935 ex
517 2874 582 2936 Asia
606 2875 731 2936 Sunium
752 2885 853 2937 vectus
875 2876 1097 2937 Atheniensium

10 2962 23 3026 '.
47 2976 138 3041 nnuc
159 2996 226 3041 sese
247 2976 404 3038 mandavit.
442 2975 500 3048 Qui
522 2995 590 3036 cum
612 2977 712 3057 copias
733 2985 830 3039 tantas
850 2977 935 3038 veriti
950 2997 1014 3038 eam
1029 2997 1098 3057 pre-

48 3098 97 3143 ren
109 3078 357 3161 repudiavissent,
378 3078 520 3141 militibus
535 3078 700 3139 Taenarum
717 3080 857 3154 deductis,
881 3099 941 3159 quo
957 3099 989 3141 ea
1005 3090 1097 3141 aetate

46 3182 212 3247 conducticii
228 3182 428 3256 confluebant,
450 3182 513 3262 ipse
529 3201 597 3243 cum
612 3183 755 3262 pecuniae
771 3193 854 3264 parte
869 3183 994 3263 supplex
1009 3183 1097 3243 Athe-

45 3302 88 3349 nis
104 3276 242 3349 resersus
263 3304 280 3347 a
294 3284 405 3366 populo
423 3282 585 3346 admittitur
608 3294 637 3346 et
651 3285 857 3365 largitionibus
872 3286 965 3347 studia
981 3284 1096 3358 civium,

21 3388 85 3469 ulti
104 3390 184 3471 apud
205 3388 323 3470 plebem
345 3388 517 3450 auctoritate
539 3388 686 3460 valebant,
716 3388 770 3449 sibi
793 3389 931 3449 conciliat
952 3398 1040 3467 atque
1062 3387 1097 3446 ad

10 3554 11 3577 ,
42 3486 142 3553 hittun
161 3490 388 3553 Macedonicum
410 3491 521 3552 incitat.
560 3490 618 3552 Sed
640 3500 796 3570 postquam
820 3510 879 3552 non
903 3489 1097 3552 solumAnti-

10 3652 11 3661 ,
41 3602 115 3675 puter
135 3602 167 3657 et
188 3594 337 3674 Olympias
359 3613 461 3655 verum
484 3593 569 3654 etiam
592 3593 750 3654 Alexandri
772 3594 892 3654 nomine
908 3594 1095 3665 Philoxenus,

10 3737 13 3751 ι
41 3694 116 3759 ldae
136 3696 317 3778 praelectus,
340 3696 499 3776 Harpalum
521 3695 703 3775 expoposcit,
723 3698 852 3776 populus
873 3696 1097 3757 Atheniensium

40 3796 232 3877 Demostbem
246 3808 370 3880 rogante
385 3799 546 3871 constituit,
570 3807 647 3858 utet
668 3797 716 3858 ille
739 3808 769 3858 et
789 3800 914 3879 pecunia
937 3799 1020 3860 allata
1042 3818 1096 3880 pu-

10 3890 12 3895 ’
41 3894 107 3965 llice
126 3900 364 3976 ‚custodirentur
394 3900 490 3979 quoad
512 3899 677 3960 Alexander
698 3899 834 3961 homines
856 3910 962 3975 certos,
992 3901 1098 3980 quibus

10 4047 15 4078 ‚
40 4004 232 4080 raderentur,
254 4002 389 4066 misisset.
433 4001 578 4082 Harpalus
605 4020 675 4063 vero
701 4002 798 4082 paullo
821 4013 887 4082 post
909 4022 944 4063 ex
967 4003 1098 4065 custodia

37 4104 115 4189 tegit,
136 4107 272 4191 primunt
286 4106 460 4182 Taenarum,
483 4105 590 4166 deinde
613 4104 727 4166 Cretam
748 4124 780 4166 se
802 4104 935 4181 contulit,
958 4105 1059 4184 ibique
1081 4123 1097 4163 a
