<?xml version="1.0" encoding="UTF-8"?>
<!DOCTYPE html PUBLIC "-//W3C//DTD XHTML 1.0 Transitional//EN"
    "http://www.w3.org/TR/xhtml1/DTD/xhtml1-transitional.dtd">
<html xmlns="http://www.w3.org/1999/xhtml" xml:lang="en" lang="en">
 <head>
  <title>
</title>
<meta http-equiv="Content-Type" content="text/html;charset=utf-8" />
  <meta name='ocr-system' content='tesseract 3.04.00' />
  <meta name='ocr-capabilities' content='ocr_page ocr_carea ocr_par ocr_line ocrx_word'/>
</head>
<body>
  <div class='ocr_page' id='page_1' title='image "./dinarchioration00dinagoog_0030.png"; bbox 0 0 2324 4410; ppageno 0'>
   <div class='ocr_carea' id='block_1_1' title="bbox 106 40 818 297">
    <p class='ocr_par' dir='ltr' id='par_1_1' title="bbox 106 40 818 297">
     <span class='ocr_line' id='line_1_1' title="bbox 410 40 626 113; baseline -0.019 -2"><span class='ocrx_word' id='word_1_1' title='bbox 410 40 626 113; x_wconf 52' lang='grc' dir='ltr'><strong><em>ἰθ</em></strong></span> 
     </span>
     <span class='ocr_line' id='line_1_2' title="bbox 106 239 818 297; baseline -0.027 15"><span class='ocrx_word' id='word_1_2' title='bbox 106 239 147 297; x_wconf 83' lang='grc'><strong><em>18</em></strong></span> <span class='ocrx_word' id='word_1_3' title='bbox 557 241 739 296; x_wconf 75' lang='grc' dir='ltr'><strong><em>ιειυινκοι</em></strong></span> <span class='ocrx_word' id='word_1_4' title='bbox 810 248 818 270; x_wconf 84' lang='lat'><strong><em>··</em></strong></span> 
     </span>
    </p>
   </div>
   <div class='ocr_carea' id='block_1_2' title="bbox 53 406 1116 3263">
    <p class='ocr_par' dir='ltr' id='par_1_2' title="bbox 53 406 1116 1416">
     <span class='ocr_line' id='line_1_3' title="bbox 53 406 1116 500; baseline 0 -26"><span class='ocrx_word' id='word_1_5' title='bbox 53 413 97 500; x_wconf 84' lang='grc'><strong><em>58</em></strong></span> <span class='ocrx_word' id='word_1_6' title='bbox 105 406 266 496; x_wconf 81' lang='grc' dir='ltr'><strong><em>ἀφήκατε.</em></strong></span> <span class='ocrx_word' id='word_1_7' title='bbox 296 409 505 476; x_wconf 79' lang='grc' dir='ltr'><strong><em>Πολύευκτον</em></strong></span> <span class='ocrx_word' id='word_1_8' title='bbox 521 410 558 478; x_wconf 79' lang='grc' dir='ltr'><strong><em>δὲ</em></strong></span> <span class='ocrx_word' id='word_1_9' title='bbox 571 409 628 475; x_wconf 84' lang='grc' dir='ltr'><strong><em>τόν</em></strong></span> <span class='ocrx_word' id='word_1_10' title='bbox 645 411 850 496; x_wconf 75' lang='grc' dir='ltr'><strong><em>Κυδαντίδην</em></strong></span> <span class='ocrx_word' id='word_1_11' title='bbox 871 411 929 476; x_wconf 80' lang='grc' dir='ltr'><strong><em>τοῦ</em></strong></span> <span class='ocrx_word' id='word_1_12' title='bbox 946 410 1051 495; x_wconf 88' lang='grc' dir='ltr'><strong><em>δήμου</em></strong></span> <span class='ocrx_word' id='word_1_13' title='bbox 1075 434 1116 490; x_wconf 77' lang='grc' dir='ltr'><strong><em>πρ</em></strong></span> 
     </span>
     <span class='ocr_line' id='line_1_4' title="bbox 107 509 1116 600; baseline -0.006 -19"><span class='ocrx_word' id='word_1_14' title='bbox 107 512 266 591; x_wconf 79' lang='grc' dir='ltr'><strong><em>τάξαντος</em></strong></span> <span class='ocrx_word' id='word_1_15' title='bbox 289 511 425 597; x_wconf 83' lang='grc' dir='ltr'><strong><em>ζητήσαι</em></strong></span> <span class='ocrx_word' id='word_1_16' title='bbox 446 509 505 596; x_wconf 88' lang='grc' dir='ltr'><strong><em>τήν</em></strong></span> <span class='ocrx_word' id='word_1_17' title='bbox 527 509 659 600; x_wconf 89' lang='grc' dir='ltr'><strong><em>βουλήν,</em></strong></span> <span class='ocrx_word' id='word_1_18' title='bbox 684 511 713 578; x_wconf 83' lang='grc' dir='ltr'><strong><em>εἰ</em></strong></span> <span class='ocrx_word' id='word_1_19' title='bbox 736 517 926 599; x_wconf 81' lang='grc' dir='ltr'><strong><em>συνέρχεται</em></strong></span> <span class='ocrx_word' id='word_1_20' title='bbox 947 523 1018 590; x_wconf 84' lang='grc' dir='ltr'><strong><em>τοῖς</em></strong></span> <span class='ocrx_word' id='word_1_21' title='bbox 1037 536 1116 597; x_wconf 86' lang='grc' dir='ltr'><strong><em>φυγι</em></strong></span> 
     </span>
     <span class='ocr_line' id='line_1_5' title="bbox 109 609 1116 702; baseline -0.004 -20"><span class='ocrx_word' id='word_1_22' title='bbox 109 613 156 691; x_wconf 83' lang='grc' dir='ltr'><strong><em>εἷς</em></strong></span> <span class='ocrx_word' id='word_1_23' title='bbox 181 619 335 698; x_wconf 84' lang='grc' dir='ltr'><strong><em>Μέγαρα,</em></strong></span> <span class='ocrx_word' id='word_1_24' title='bbox 366 616 419 679; x_wconf 81' lang='grc' dir='ltr'><strong><em>καὶ</em></strong></span> <span class='ocrx_word' id='word_1_25' title='bbox 450 611 635 698; x_wconf 82' lang='grc' dir='ltr'><strong><em>ζητήσασαν</em></strong></span> <span class='ocrx_word' id='word_1_26' title='bbox 665 610 841 702; x_wconf 79' lang='grc' dir='ltr'><strong><em>ἀποφῆναι</em></strong></span> <span class='ocrx_word' id='word_1_27' title='bbox 869 612 956 696; x_wconf 87' lang='grc' dir='ltr'><strong><em>πρὸς</em></strong></span> <span class='ocrx_word' id='word_1_28' title='bbox 978 609 1072 695; x_wconf 83' lang='grc' dir='ltr'><strong><em>ύμᾶς,</em></strong></span> <span class='ocrx_word' id='word_1_29' title='bbox 1098 614 1116 678; x_wconf 90' lang='grc' dir='ltr'><strong><em>ἀ</em></strong></span> 
     </span>
     <span class='ocr_line' id='line_1_6' title="bbox 109 711 1116 803; baseline 0.001 -24"><span class='ocrx_word' id='word_1_30' title='bbox 109 722 210 803; x_wconf 77' lang='grc' dir='ltr'><strong><em>φηνεν</em></strong></span> <span class='ocrx_word' id='word_1_31' title='bbox 232 711 250 798; x_wconf 81' lang='grc' dir='ltr'><em>ἦ</em></span> <span class='ocrx_word' id='word_1_32' title='bbox 273 714 375 802; x_wconf 84' lang='grc' dir='ltr'><strong><em>βουλὴ</em></strong></span> <span class='ocrx_word' id='word_1_33' title='bbox 404 715 560 781; x_wconf 82' lang='grc' dir='ltr'><strong><em>συνιέναι.</em></strong></span> <span class='ocrx_word' id='word_1_34' title='bbox 603 714 802 802; x_wconf 75' lang='grc' dir='ltr'><strong><em>κατηγόρους</em></strong></span> <span class='ocrx_word' id='word_1_35' title='bbox 832 715 965 782; x_wconf 79' lang='grc' dir='ltr'><strong><em>εἵλεσθε</em></strong></span> <span class='ocrx_word' id='word_1_36' title='bbox 996 714 1080 781; x_wconf 84' lang='grc' dir='ltr'><strong><em>κατὰ</em></strong></span> <span class='ocrx_word' id='word_1_37' title='bbox 1108 741 1116 780; x_wconf 82' lang='grc' dir='ltr'><strong><em>ι</em></strong></span> 
     </span>
     <span class='ocr_line' id='line_1_7' title="bbox 108 813 1116 905; baseline -0.004 -19"><span class='ocrx_word' id='word_1_38' title='bbox 108 818 245 900; x_wconf 88' lang='grc' dir='ltr'><strong><em>νόμον,</em></strong></span> <span class='ocrx_word' id='word_1_39' title='bbox 282 816 436 905; x_wconf 77' lang='grc' dir='ltr'><strong><em>εἰσῆλθεν</em></strong></span> <span class='ocrx_word' id='word_1_40' title='bbox 466 817 512 894; x_wconf 82' lang='grc' dir='ltr'><strong><em>εἷς</em></strong></span> <span class='ocrx_word' id='word_1_41' title='bbox 533 816 572 881; x_wconf 88' lang='grc' dir='ltr'><strong><em>τό</em></strong></span> <span class='ocrx_word' id='word_1_42' title='bbox 597 817 824 902; x_wconf 88' lang='grc' dir='ltr'><strong><em>δικαστήριον,</em></strong></span> <span class='ocrx_word' id='word_1_43' title='bbox 858 813 1054 884; x_wconf 73' lang='grc' dir='ltr'><strong><em>ἀπελύσαθ’</em></strong></span> <span class='ocrx_word' id='word_1_44' title='bbox 1079 813 1116 900; x_wconf 82' lang='grc' dir='ltr'><strong><em>ύμ</em></strong></span> 
     </span>
     <span class='ocr_line' id='line_1_8' title="bbox 109 916 1110 1006; baseline -0.002 -20"><span class='ocrx_word' id='word_1_45' title='bbox 109 916 349 1004; x_wconf 82' lang='grc' dir='ltr'><strong><em>ὁμολογοῦντος</em></strong></span> <span class='ocrx_word' id='word_1_46' title='bbox 377 926 436 984; x_wconf 88' lang='grc' dir='ltr'><strong><em>τοῦ</em></strong></span> <span class='ocrx_word' id='word_1_47' title='bbox 465 918 674 985; x_wconf 84' lang='grc' dir='ltr'><strong><em>Πολυεύκτου</em></strong></span> <span class='ocrx_word' id='word_1_48' title='bbox 710 918 857 1003; x_wconf 71' lang='grc' dir='ltr'><strong><em>βαδίζειν</em></strong></span> <span class='ocrx_word' id='word_1_49' title='bbox 888 919 935 1006; x_wconf 72' lang='grc' dir='ltr'><strong><em>εἷς</em></strong></span> <span class='ocrx_word' id='word_1_50' title='bbox 965 918 1110 1003; x_wconf 83' lang='grc' dir='ltr'><strong><em>Μέγαρα</em></strong></span> 
     </span>
     <span class='ocr_line' id='line_1_9' title="bbox 109 1018 1113 1107; baseline -0.002 -19"><span class='ocrx_word' id='word_1_51' title='bbox 109 1021 179 1088; x_wconf 85' lang='grc' dir='ltr'><strong><em>τόν</em></strong></span> <span class='ocrx_word' id='word_1_52' title='bbox 209 1019 418 1107; x_wconf 83' lang='grc' dir='ltr'><strong><em>Νικοφάνην·</em></strong></span> <span class='ocrx_word' id='word_1_53' title='bbox 457 1021 539 1102; x_wconf 81' lang='grc' dir='ltr'><strong><em>’ἐχειν</em></strong></span> <span class='ocrx_word' id='word_1_54' title='bbox 573 1018 633 1104; x_wconf 90' lang='grc' dir='ltr'><strong><em>γάρ</em></strong></span> <span class='ocrx_word' id='word_1_55' title='bbox 670 1021 727 1105; x_wconf 87' lang='grc' dir='ltr'><strong><em>τήν</em></strong></span> <span class='ocrx_word' id='word_1_56' title='bbox 766 1018 866 1086; x_wconf 85' lang='grc' dir='ltr'><strong><em>αύτοῦ</em></strong></span> <span class='ocrx_word' id='word_1_57' title='bbox 901 1028 1026 1106; x_wconf 80' lang='grc' dir='ltr'><strong><em>μητέρα</em></strong></span> <span class='ocrx_word' id='word_1_58' title='bbox 1055 1029 1113 1086; x_wconf 86' lang='grc' dir='ltr'><strong><em>τοῦ</em></strong></span> 
     </span>
     <span class='ocr_line' id='line_1_10' title="bbox 110 1107 1114 1208; baseline -0.002 -18"><span class='ocrx_word' id='word_1_59' title='bbox 110 1122 205 1190; x_wconf 82' lang='grc' dir='ltr'><strong><em>ούδὲν</em></strong></span> <span class='ocrx_word' id='word_1_60' title='bbox 235 1107 291 1189; x_wconf 86' lang='grc' dir='ltr'><strong><em>σύν</em></strong></span> <span class='ocrx_word' id='word_1_61' title='bbox 321 1120 447 1188; x_wconf 84' lang='grc' dir='ltr'><strong><em>άτσπον</em></strong></span> <span class='ocrx_word' id='word_1_62' title='bbox 477 1118 552 1188; x_wconf 79' lang='grc' dir='ltr'><strong><em>ούδέ</em></strong></span> <span class='ocrx_word' id='word_1_63' title='bbox 582 1122 689 1189; x_wconf 88' lang='grc' dir='ltr'><strong><em>δεινὸν</em></strong></span> <span class='ocrx_word' id='word_1_64' title='bbox 719 1121 873 1208; x_wconf 73' lang='grc' dir='ltr'><strong><em>ἐφαίνετο</em></strong></span> <span class='ocrx_word' id='word_1_65' title='bbox 903 1127 1014 1189; x_wconf 79' lang='grc' dir='ltr'><strong><em>ποιεῖν</em></strong></span> <span class='ocrx_word' id='word_1_66' title='bbox 1039 1119 1114 1203; x_wconf 84' lang='grc' dir='ltr'><strong><em>ύμῖν</em></strong></span> 
     </span>
     <span class='ocr_line' id='line_1_11' title="bbox 109 1222 1115 1313; baseline -0.005 -19"><span class='ocrx_word' id='word_1_67' title='bbox 109 1231 167 1313; x_wconf 80' lang='grc' dir='ltr'><strong><em>τῆς</em></strong></span> <span class='ocrx_word' id='word_1_68' title='bbox 195 1224 320 1311; x_wconf 86' lang='grc' dir='ltr'><strong><em>μητρὸς</em></strong></span> <span class='ocrx_word' id='word_1_69' title='bbox 349 1222 442 1308; x_wconf 74' lang='grc' dir='ltr'><strong><em>ἀνδρὶ</em></strong></span> <span class='ocrx_word' id='word_1_70' title='bbox 473 1224 703 1310; x_wconf 85' lang='grc' dir='ltr'><strong><em>διαλεγόμενος</em></strong></span> <span class='ocrx_word' id='word_1_71' title='bbox 731 1223 903 1313; x_wconf 82' lang='grc' dir='ltr'><strong><em>ἠτυχηκότι</em></strong></span> <span class='ocrx_word' id='word_1_72' title='bbox 932 1225 987 1290; x_wconf 86' lang='grc' dir='ltr'><strong><em>καὶ</em></strong></span> <span class='ocrx_word' id='word_1_73' title='bbox 1021 1248 1115 1291; x_wconf 91' lang='grc' dir='ltr'><strong><em>συνευ</em></strong></span> 
     </span>
     <span class='ocr_line' id='line_1_12' title="bbox 111 1318 1116 1416; baseline -0.003 -22"><span class='ocrx_word' id='word_1_74' title='bbox 111 1337 187 1416; x_wconf 86' lang='grc' dir='ltr'><strong><em>ροῖν,</em></strong></span> <span class='ocrx_word' id='word_1_75' title='bbox 210 1324 292 1393; x_wconf 74' lang='grc' dir='ltr'><strong><em>καθ’</em></strong></span> <span class='ocrx_word' id='word_1_76' title='bbox 314 1323 391 1392; x_wconf 79' lang='grc' dir='ltr'><strong><em>ὅσον</em></strong></span> <span class='ocrx_word' id='word_1_77' title='bbox 416 1325 553 1404; x_wconf 89' lang='grc' dir='ltr'><strong><em>δυνατὸς</em></strong></span> <span class='ocrx_word' id='word_1_78' title='bbox 577 1318 627 1414; x_wconf 85' lang='grc' dir='ltr'><strong><em>ήν,</em></strong></span> <span class='ocrx_word' id='word_1_79' title='bbox 652 1323 907 1413; x_wconf 80' lang='grc' dir='ltr'><strong><em>ἀπεστερημένῳ</em></strong></span> <span class='ocrx_word' id='word_1_80' title='bbox 930 1335 988 1412; x_wconf 86' lang='grc' dir='ltr'><strong><em>τής</em></strong></span> <span class='ocrx_word' id='word_1_81' title='bbox 1010 1332 1116 1409; x_wconf 53' lang='grc' dir='ltr'><strong><em>πατρί1</em></strong></span> 
     </span>
    </p>

    <p class='ocr_par' dir='ltr' id='par_1_3' title="bbox 57 1424 1116 2125">
     <span class='ocr_line' id='line_1_13' title="bbox 57 1424 1116 1516; baseline -0.001 -24"><span class='ocrx_word' id='word_1_82' title='bbox 57 1427 203 1516; x_wconf 78' lang='grc' dir='ltr'><strong><em>59αύτη,</em></strong></span> <span class='ocrx_word' id='word_1_83' title='bbox 227 1428 452 1515; x_wconf 86' lang='grc' dir='ltr'><strong><em>Δημόσθενες,</em></strong></span> <span class='ocrx_word' id='word_1_84' title='bbox 476 1436 534 1513; x_wconf 82' lang='grc' dir='ltr'><strong><em>τῆς</em></strong></span> <span class='ocrx_word' id='word_1_85' title='bbox 555 1431 677 1514; x_wconf 85' lang='grc' dir='ltr'><strong><em>βουλής</em></strong></span> <span class='ocrx_word' id='word_1_86' title='bbox 700 1424 718 1515; x_wconf 87' lang='grc' dir='ltr'><strong><em>ή</em></strong></span> <span class='ocrx_word' id='word_1_87' title='bbox 742 1425 916 1512; x_wconf 85' lang='grc' dir='ltr'><strong><em>ἀπόφασις</em></strong></span> <span class='ocrx_word' id='word_1_88' title='bbox 932 1426 989 1494; x_wconf 87' lang='grc' dir='ltr'><strong><em>ούκ</em></strong></span> <span class='ocrx_word' id='word_1_89' title='bbox 1005 1428 1116 1513; x_wconf 81' lang='grc' dir='ltr'><strong><em>έξηλέγ</em></strong></span> 
     </span>
     <span class='ocr_line' id='line_1_14' title="bbox 109 1516 1116 1618; baseline -0.004 -19"><span class='ocrx_word' id='word_1_90' title='bbox 109 1531 238 1618; x_wconf 82' lang='grc' dir='ltr'><strong><em>ψευδής</em></strong></span> <span class='ocrx_word' id='word_1_91' title='bbox 261 1516 360 1609; x_wconf 83' lang='grc' dir='ltr'><strong><em>οάσα,</em></strong></span> <span class='ocrx_word' id='word_1_92' title='bbox 393 1524 554 1616; x_wconf 73' lang='grc' dir='ltr'><strong><em>ἀληθινῆς</em></strong></span> <span class='ocrx_word' id='word_1_93' title='bbox 577 1531 612 1595; x_wconf 83' lang='grc' dir='ltr'><strong><em>δὲ</em></strong></span> <span class='ocrx_word' id='word_1_94' title='bbox 635 1525 734 1618; x_wconf 82' lang='grc' dir='ltr'><strong><em>αύτής</em></strong></span> <span class='ocrx_word' id='word_1_95' title='bbox 758 1527 858 1616; x_wconf 80' lang='grc' dir='ltr'><strong><em>ούσης</em></strong></span> <span class='ocrx_word' id='word_1_96' title='bbox 881 1530 971 1610; x_wconf 75' lang='grc' dir='ltr'><strong><em>ἔδοξε</em></strong></span> <span class='ocrx_word' id='word_1_97' title='bbox 993 1536 1066 1608; x_wconf 87' lang='grc' dir='ltr'><strong><em>τοῖς</em></strong></span> <span class='ocrx_word' id='word_1_98' title='bbox 1090 1532 1116 1596; x_wconf 82' lang='grc' dir='ltr'><strong><em>δι</em></strong></span> 
     </span>
     <span class='ocr_line' id='line_1_15' title="bbox 111 1627 1111 1718; baseline -0.003 -16"><span class='ocrx_word' id='word_1_99' title='bbox 111 1645 206 1712; x_wconf 84' lang='grc' dir='ltr'><strong><em>σταῖς</em></strong></span> <span class='ocrx_word' id='word_1_100' title='bbox 235 1632 372 1718; x_wconf 80' lang='grc' dir='ltr'><strong><em>ἀφιέναι</em></strong></span> <span class='ocrx_word' id='word_1_101' title='bbox 400 1633 457 1697; x_wconf 85' lang='grc' dir='ltr'><strong><em>τὸν</em></strong></span> <span class='ocrx_word' id='word_1_102' title='bbox 479 1631 704 1698; x_wconf 83' lang='grc' dir='ltr'><strong><em>Πολύευκτον·</em></strong></span> <span class='ocrx_word' id='word_1_103' title='bbox 736 1631 775 1698; x_wconf 86' lang='grc' dir='ltr'><strong><em>τὸ</em></strong></span> <span class='ocrx_word' id='word_1_104' title='bbox 804 1634 863 1714; x_wconf 84' lang='grc' dir='ltr'><strong><em>μὲν</em></strong></span> <span class='ocrx_word' id='word_1_105' title='bbox 893 1632 955 1718; x_wconf 84' lang='grc' dir='ltr'><strong><em>γὰρ</em></strong></span> <span class='ocrx_word' id='word_1_106' title='bbox 986 1627 1111 1717; x_wconf 78' lang='grc' dir='ltr'><strong><em>ἀληθὲς</em></strong></span> 
     </span>
     <span class='ocr_line' id='line_1_16' title="bbox 110 1730 1116 1823; baseline -0.002 -22"><span class='ocrx_word' id='word_1_107' title='bbox 110 1737 215 1823; x_wconf 80' lang='grc' dir='ltr'><strong><em>βουλῇ</em></strong></span> <span class='ocrx_word' id='word_1_108' title='bbox 238 1732 450 1819; x_wconf 75' lang='grc' dir='ltr'><strong><em>προσετάχθη</em></strong></span> <span class='ocrx_word' id='word_1_109' title='bbox 475 1735 590 1820; x_wconf 83' lang='grc' dir='ltr'><strong><em>ζητεῖν,</em></strong></span> <span class='ocrx_word' id='word_1_110' title='bbox 619 1734 658 1799; x_wconf 87' lang='grc' dir='ltr'><strong><em>τὸ</em></strong></span> <span class='ocrx_word' id='word_1_111' title='bbox 681 1734 717 1800; x_wconf 78' lang='grc' dir='ltr'><strong><em>δὲ</em></strong></span> <span class='ocrx_word' id='word_1_112' title='bbox 741 1730 929 1819; x_wconf 75' lang='grc' dir='ltr'><strong><em>συγγνώμης</em></strong></span> <span class='ocrx_word' id='word_1_113' title='bbox 953 1733 1055 1815; x_wconf 85' lang='grc' dir='ltr'><strong><em>ἀξιον,</em></strong></span> <span class='ocrx_word' id='word_1_114' title='bbox 1085 1758 1116 1820; x_wconf 80' lang='grc' dir='ltr'><strong><em>φι</em></strong></span> 
     </span>
     <span class='ocr_line' id='line_1_17' title="bbox 110 1833 1116 1923; baseline -0.001 -21"><span class='ocrx_word' id='word_1_115' title='bbox 110 1838 149 1902; x_wconf 86' lang='grc' dir='ltr'><strong><em>τό</em></strong></span> <span class='ocrx_word' id='word_1_116' title='bbox 175 1835 383 1920; x_wconf 91' lang='grc' dir='ltr'><strong><em>δικαστήριον</em></strong></span> <span class='ocrx_word' id='word_1_117' title='bbox 407 1835 521 1917; x_wconf 72' lang='grc' dir='ltr'><strong><em>ἔκρινε.</em></strong></span> <span class='ocrx_word' id='word_1_118' title='bbox 560 1834 616 1900; x_wconf 85' lang='grc' dir='ltr'><strong><em>διὰ</em></strong></span> <span class='ocrx_word' id='word_1_119' title='bbox 638 1845 735 1902; x_wconf 84' lang='grc' dir='ltr'><strong><em>τοῦτο</em></strong></span> <span class='ocrx_word' id='word_1_120' title='bbox 759 1833 797 1902; x_wconf 89' lang='grc' dir='ltr'><strong><em>ού</em></strong></span> <span class='ocrx_word' id='word_1_121' title='bbox 814 1840 1008 1902; x_wconf 89' lang='grc' dir='ltr'><strong><em>πιστευτέον</em></strong></span> <span class='ocrx_word' id='word_1_122' title='bbox 1024 1843 1064 1923; x_wconf 78' lang='grc' dir='ltr'><strong><em>τῇ</em></strong></span> <span class='ocrx_word' id='word_1_123' title='bbox 1079 1841 1116 1920; x_wconf 90' lang='grc' dir='ltr'><strong><em>βο</em></strong></span> 
     </span>
     <span class='ocr_line' id='line_1_18' title="bbox 111 1932 1116 2024; baseline -0.003 -19"><span class='ocrx_word' id='word_1_124' title='bbox 111 1941 190 2024; x_wconf 78' lang='grc' dir='ltr'><strong><em>περὶ</em></strong></span> <span class='ocrx_word' id='word_1_125' title='bbox 206 1945 271 2004; x_wconf 86' lang='grc' dir='ltr'><strong><em>τιῦν</em></strong></span> <span class='ocrx_word' id='word_1_126' title='bbox 287 1936 468 2023; x_wconf 85' lang='grc' dir='ltr'><strong><em>γενομένων</em></strong></span> <span class='ocrx_word' id='word_1_127' title='bbox 484 1932 699 2023; x_wconf 87' lang='grc' dir='ltr'><strong><em>ἀποφάσεων,</em></strong></span> <span class='ocrx_word' id='word_1_128' title='bbox 725 1937 839 2021; x_wconf 74' lang='grc' dir='ltr'><strong><em>ἐπειδὴ</em></strong></span> <span class='ocrx_word' id='word_1_129' title='bbox 864 1938 901 2003; x_wconf 80' lang='grc' dir='ltr'><strong><em>σέ</em></strong></span> <span class='ocrx_word' id='word_1_130' title='bbox 923 1938 978 2004; x_wconf 81' lang='grc' dir='ltr'><strong><em>καὶ</em></strong></span> <span class='ocrx_word' id='word_1_131' title='bbox 1000 1939 1077 2015; x_wconf 81' lang='grc' dir='ltr'><strong><em>τούς</em></strong></span> <span class='ocrx_word' id='word_1_132' title='bbox 1098 1964 1116 2020; x_wconf 88' lang='grc' dir='ltr'><strong><em>μ</em></strong></span> 
     </span>
     <span class='ocr_line' id='line_1_19' title="bbox 112 2031 1104 2125; baseline -0.003 -18"><span class='ocrx_word' id='word_1_133' title='bbox 112 2047 172 2107; x_wconf 81' lang='grc' dir='ltr'><strong><em>σοῦ</em></strong></span> <span class='ocrx_word' id='word_1_134' title='bbox 195 2040 233 2106; x_wconf 89' lang='grc' dir='ltr'><strong><em>τδ</em></strong></span> <span class='ocrx_word' id='word_1_135' title='bbox 256 2045 389 2121; x_wconf 82' lang='grc' dir='ltr'><strong><em>χρυσίον</em></strong></span> <span class='ocrx_word' id='word_1_136' title='bbox 414 2041 545 2121; x_wconf 71' lang='grc' dir='ltr'><strong><em>ἔχοντας</em></strong></span> <span class='ocrx_word' id='word_1_137' title='bbox 567 2034 805 2125; x_wconf 65' lang='grc' dir='ltr'><strong><em>ἀποπέφαγκε,</em></strong></span> <span class='ocrx_word' id='word_1_138' title='bbox 829 2039 935 2106; x_wconf 88' lang='grc' dir='ltr'><strong><em>δεινὸν</em></strong></span> <span class='ocrx_word' id='word_1_139' title='bbox 952 2037 1047 2121; x_wconf 80' lang='grc' dir='ltr'><strong><em>μέντ’</em></strong></span> <span class='ocrx_word' id='word_1_140' title='bbox 1065 2031 1104 2106; x_wconf 83' lang='grc' dir='ltr'><strong><em>ἀν</em></strong></span> 
     </span>
    </p>

    <p class='ocr_par' dir='ltr' id='par_1_4' title="bbox 61 2138 1113 3263">
     <span class='ocr_line' id='line_1_20' title="bbox 61 2138 1113 2226; baseline 0 -18"><span class='ocrx_word' id='word_1_141' title='bbox 61 2140 101 2204; x_wconf 86' lang='grc'><strong><em>60</em></strong></span> <span class='ocrx_word' id='word_1_142' title='bbox 114 2146 222 2224; x_wconf 85' lang='grc' dir='ltr'><strong><em>δεῖξον</em></strong></span> <span class='ocrx_word' id='word_1_143' title='bbox 243 2138 304 2225; x_wconf 81' lang='grc' dir='ltr'><strong><em>γάρ</em></strong></span> <span class='ocrx_word' id='word_1_144' title='bbox 328 2138 367 2226; x_wconf 87' lang='grc' dir='ltr'><strong><em>δή</em></strong></span> <span class='ocrx_word' id='word_1_145' title='bbox 390 2151 462 2218; x_wconf 91' lang='grc' dir='ltr'><strong><em>τοῖς</em></strong></span> <span class='ocrx_word' id='word_1_146' title='bbox 491 2143 660 2219; x_wconf 88' lang='grc' dir='ltr'><strong><em>δικασταῖς</em></strong></span> <span class='ocrx_word' id='word_1_147' title='bbox 690 2141 748 2220; x_wconf 93' lang='grc' dir='ltr'><strong><em>σύ,</em></strong></span> <span class='ocrx_word' id='word_1_148' title='bbox 780 2139 1013 2226; x_wconf 88' lang='grc' dir='ltr'><strong><em>Δημόσθενες,</em></strong></span> <span class='ocrx_word' id='word_1_149' title='bbox 1045 2143 1113 2208; x_wconf 87' lang='grc' dir='ltr'><strong><em>νυνλ</em></strong></span> 
     </span>
     <span class='ocr_line' id='line_1_21' title="bbox 112 2239 1112 2329; baseline -0.007 -19"><span class='ocrx_word' id='word_1_150' title='bbox 112 2244 236 2311; x_wconf 90' lang='grc' dir='ltr'><strong><em>τούτων</em></strong></span> <span class='ocrx_word' id='word_1_151' title='bbox 258 2269 292 2309; x_wconf 87' lang='grc' dir='ltr'><strong><em>τι</em></strong></span> <span class='ocrx_word' id='word_1_152' title='bbox 314 2250 379 2309; x_wconf 83' lang='grc' dir='ltr'><strong><em>τῶν</em></strong></span> <span class='ocrx_word' id='word_1_153' title='bbox 403 2239 681 2329; x_wconf 75' lang='grc' dir='ltr'><strong><em>ἁμαρτημάτων</em></strong></span> <span class='ocrx_word' id='word_1_154' title='bbox 706 2239 822 2325; x_wconf 81' lang='grc' dir='ltr'><strong><em>ὅμοιόν</em></strong></span> <span class='ocrx_word' id='word_1_155' title='bbox 845 2244 915 2310; x_wconf 75' lang='grc' dir='ltr'><strong><em>ἐστι</em></strong></span> <span class='ocrx_word' id='word_1_156' title='bbox 936 2254 1007 2322; x_wconf 88' lang='grc' dir='ltr'><strong><em>τοῖς</em></strong></span> <span class='ocrx_word' id='word_1_157' title='bbox 1023 2253 1112 2321; x_wconf 64' lang='grc' dir='ltr'><strong><em>σοῖς4</em></strong></span> 
     </span>
     <span class='ocr_line' id='line_1_22' title="bbox 113 2341 1108 2435; baseline -0.001 -23"><span class='ocrx_word' id='word_1_158' title='bbox 113 2347 249 2435; x_wconf 89' lang='grc' dir='ltr'><strong><em>κήμαοι,</em></strong></span> <span class='ocrx_word' id='word_1_159' title='bbox 282 2347 335 2411; x_wconf 83' lang='grc' dir='ltr'><strong><em>καὶ</em></strong></span> <span class='ocrx_word' id='word_1_160' title='bbox 366 2341 410 2422; x_wconf 82' lang='grc' dir='ltr'><strong><em>αῖς</em></strong></span> <span class='ocrx_word' id='word_1_161' title='bbox 438 2344 476 2410; x_wconf 89' lang='grc' dir='ltr'><strong><em>τό</em></strong></span> <span class='ocrx_word' id='word_1_162' title='bbox 506 2348 596 2430; x_wconf 86' lang='grc' dir='ltr'><strong><em>διῦρα</em></strong></span> <span class='ocrx_word' id='word_1_163' title='bbox 624 2347 802 2431; x_wconf 76' lang='grc' dir='ltr'><strong><em>λαμβάνειν</em></strong></span> <span class='ocrx_word' id='word_1_164' title='bbox 830 2346 913 2412; x_wconf 82' lang='grc' dir='ltr'><strong><em>κατὰ</em></strong></span> <span class='ocrx_word' id='word_1_165' title='bbox 939 2354 996 2433; x_wconf 80' lang='grc' dir='ltr'><strong><em>τῆς</em></strong></span> <span class='ocrx_word' id='word_1_166' title='bbox 1019 2370 1108 2430; x_wconf 90' lang='grc' dir='ltr'><strong><em>πατρ</em></strong></span> 
     </span>
     <span class='ocr_line' id='line_1_23' title="bbox 113 2443 1106 2535; baseline 0 -20"><span class='ocrx_word' id='word_1_167' title='bbox 113 2447 303 2535; x_wconf 84' lang='grc' dir='ltr'><strong><em>συγγνώμης</em></strong></span> <span class='ocrx_word' id='word_1_168' title='bbox 323 2447 411 2513; x_wconf 74' lang='grc' dir='ltr'><strong><em>ἐστὶν</em></strong></span> <span class='ocrx_word' id='word_1_169' title='bbox 428 2444 530 2527; x_wconf 81' lang='grc' dir='ltr'><strong><em>ἀξιον,</em></strong></span> <span class='ocrx_word' id='word_1_170' title='bbox 554 2444 639 2514; x_wconf 81' lang='grc' dir='ltr'><strong><em>ὥστε</em></strong></span> <span class='ocrx_word' id='word_1_171' title='bbox 662 2444 852 2535; x_wconf 83' lang='grc' dir='ltr'><strong><em>ἀποφύγοις</em></strong></span> <span class='ocrx_word' id='word_1_172' title='bbox 875 2443 914 2514; x_wconf 82' lang='grc' dir='ltr'><strong><em>ἀν</em></strong></span> <span class='ocrx_word' id='word_1_173' title='bbox 937 2447 1031 2534; x_wconf 84' lang='grc' dir='ltr'><strong><em>παρὰ</em></strong></span> <span class='ocrx_word' id='word_1_174' title='bbox 1052 2446 1106 2516; x_wconf 82' lang='grc' dir='ltr'><strong><em>τού</em></strong></span> 
     </span>
     <span class='ocr_line' id='line_1_24' title="bbox 113 2547 1101 2638; baseline -0.002 -19"><span class='ocrx_word' id='word_1_175' title='bbox 113 2551 257 2628; x_wconf 83' lang='grc' dir='ltr'><strong><em>εἰκότως.</em></strong></span> <span class='ocrx_word' id='word_1_176' title='bbox 294 2548 371 2616; x_wconf 79' lang='grc' dir='ltr'><strong><em>ἀλλ’</em></strong></span> <span class='ocrx_word' id='word_1_177' title='bbox 395 2550 427 2616; x_wconf 79' lang='grc' dir='ltr'><strong><em>οἱ</em></strong></span> <span class='ocrx_word' id='word_1_178' title='bbox 450 2550 547 2631; x_wconf 90' lang='grc' dir='ltr'><strong><em>νόμοι</em></strong></span> <span class='ocrx_word' id='word_1_179' title='bbox 568 2553 644 2632; x_wconf 80' lang='grc' dir='ltr'><strong><em>περὶ</em></strong></span> <span class='ocrx_word' id='word_1_180' title='bbox 667 2553 728 2633; x_wconf 82' lang='grc' dir='ltr'><strong><em>μὲν</em></strong></span> <span class='ocrx_word' id='word_1_181' title='bbox 751 2560 818 2617; x_wconf 84' lang='grc' dir='ltr'><strong><em>τιῦν</em></strong></span> <span class='ocrx_word' id='word_1_182' title='bbox 841 2549 948 2616; x_wconf 81' lang='grc' dir='ltr'><strong><em>ἀλλων</em></strong></span> <span class='ocrx_word' id='word_1_183' title='bbox 972 2547 1101 2638; x_wconf 85' lang='grc' dir='ltr'><strong><em>ἀδικημι</em></strong></span> 
     </span>
     <span class='ocr_line' id='line_1_25' title="bbox 112 2646 1096 2741; baseline -0.002 -22"><span class='ocrx_word' id='word_1_184' title='bbox 112 2662 178 2719; x_wconf 83' lang='grc' dir='ltr'><strong><em>τῶν</em></strong></span> <span class='ocrx_word' id='word_1_185' title='bbox 209 2652 256 2730; x_wconf 84' lang='grc' dir='ltr'><strong><em>εἷς</em></strong></span> <span class='ocrx_word' id='word_1_186' title='bbox 289 2651 443 2735; x_wconf 85' lang='grc' dir='ltr'><strong><em>ἀργυρίου</em></strong></span> <span class='ocrx_word' id='word_1_187' title='bbox 474 2651 570 2736; x_wconf 87' lang='grc' dir='ltr'><strong><em>λόγον</em></strong></span> <span class='ocrx_word' id='word_1_188' title='bbox 601 2647 786 2737; x_wconf 86' lang='grc' dir='ltr'><strong><em>ἀνηκόντων</em></strong></span> <span class='ocrx_word' id='word_1_189' title='bbox 818 2653 938 2741; x_wconf 81' lang='grc' dir='ltr'><strong><em>διπλῆν</em></strong></span> <span class='ocrx_word' id='word_1_190' title='bbox 967 2646 1027 2739; x_wconf 87' lang='grc' dir='ltr'><strong><em>τήν</em></strong></span> <span class='ocrx_word' id='word_1_191' title='bbox 1057 2654 1096 2738; x_wconf 88' lang='grc' dir='ltr'><strong><em>βλ</em></strong></span> 
     </span>
     <span class='ocr_line' id='line_1_26' title="bbox 114 2750 1093 2841; baseline -0.001 -21"><span class='ocrx_word' id='word_1_192' title='bbox 114 2750 260 2841; x_wconf 75' lang='grc' dir='ltr'><strong><em>ὀφείλειν</em></strong></span> <span class='ocrx_word' id='word_1_193' title='bbox 280 2753 456 2831; x_wconf 87' lang='grc' dir='ltr'><strong><em>κελεύουσι,</em></strong></span> <span class='ocrx_word' id='word_1_194' title='bbox 480 2756 558 2835; x_wconf 84' lang='grc' dir='ltr'><strong><em>περὶ</em></strong></span> <span class='ocrx_word' id='word_1_195' title='bbox 575 2754 610 2819; x_wconf 84' lang='grc' dir='ltr'><strong><em>δέ</em></strong></span> <span class='ocrx_word' id='word_1_196' title='bbox 632 2762 697 2821; x_wconf 84' lang='grc' dir='ltr'><strong><em>τῶν</em></strong></span> <span class='ocrx_word' id='word_1_197' title='bbox 720 2756 991 2837; x_wconf 90' lang='grc' dir='ltr'><strong><em>δωροδοκούντων</em></strong></span> <span class='ocrx_word' id='word_1_198' title='bbox 1009 2753 1093 2836; x_wconf 73' lang='grc' dir='ltr'><strong><em>δύος</em></strong></span> 
     </span>
     <span class='ocr_line' id='line_1_27' title="bbox 114 2849 1089 2944; baseline -0.002 -20"><span class='ocrx_word' id='word_1_199' title='bbox 114 2856 283 2944; x_wconf 77' lang='grc' dir='ltr'><strong><em>τιμήματα</em></strong></span> <span class='ocrx_word' id='word_1_200' title='bbox 304 2854 537 2940; x_wconf 79' lang='grc' dir='ltr'><strong><em>πεποιήκασιν,</em></strong></span> <span class='ocrx_word' id='word_1_201' title='bbox 561 2849 755 2942; x_wconf 83' lang='grc' dir='ltr'><strong><em>ήθάνατον,</em></strong></span> <span class='ocrx_word' id='word_1_202' title='bbox 780 2856 835 2922; x_wconf 81' lang='grc' dir='ltr'><strong><em>ἵνα</em></strong></span> <span class='ocrx_word' id='word_1_203' title='bbox 856 2855 975 2941; x_wconf 85' lang='grc' dir='ltr'><strong><em>ταύτης</em></strong></span> <span class='ocrx_word' id='word_1_204' title='bbox 998 2854 1089 2938; x_wconf 85' lang='grc' dir='ltr'><strong><em>τυχαλ</em></strong></span> 
     </span>
     <span class='ocr_line' id='line_1_28' title="bbox 115 2951 1074 3047; baseline -0.002 -23"><span class='ocrx_word' id='word_1_205' title='bbox 115 2960 230 3046; x_wconf 80' lang='grc' dir='ltr'><strong><em>ζημίας</em></strong></span> <span class='ocrx_word' id='word_1_206' title='bbox 253 2953 271 3023; x_wconf 85' lang='grc' dir='ltr'><em>ὃ</em></span> <span class='ocrx_word' id='word_1_207' title='bbox 294 2956 404 3042; x_wconf 79' lang='grc' dir='ltr'><strong><em>λαβών</em></strong></span> <span class='ocrx_word' id='word_1_208' title='bbox 427 2956 638 3044; x_wconf 86' lang='grc' dir='ltr'><strong><em>παράδειγμα</em></strong></span> <span class='ocrx_word' id='word_1_209' title='bbox 659 2963 790 3045; x_wconf 79' lang='grc' dir='ltr'><strong><em>γίνηται</em></strong></span> <span class='ocrx_word' id='word_1_210' title='bbox 813 2963 883 3036; x_wconf 90' lang='grc' dir='ltr'><strong><em>τοῖς</em></strong></span> <span class='ocrx_word' id='word_1_211' title='bbox 906 2956 1029 3039; x_wconf 81' lang='grc' dir='ltr'><strong><em>ἀλλοις,</em></strong></span> <span class='ocrx_word' id='word_1_212' title='bbox 1052 2951 1074 3047; x_wconf 80' lang='grc' dir='ltr'><em>ἢ</em></span> 
     </span>
     <span class='ocr_line' id='line_1_29' title="bbox 115 3055 1100 3176; baseline 0 -49"><span class='ocrx_word' id='word_1_213' title='bbox 115 3063 221 3128; x_wconf 86' lang='grc' dir='ltr'><strong><em>πλοῦν</em></strong></span> <span class='ocrx_word' id='word_1_214' title='bbox 243 3068 302 3126; x_wconf 87' lang='grc' dir='ltr'><strong><em>τοῦ</em></strong></span> <span class='ocrx_word' id='word_1_215' title='bbox 324 3059 361 3140; x_wconf 83' lang='grc' dir='ltr'><strong><em>έξ</em></strong></span> <span class='ocrx_word' id='word_1_216' title='bbox 381 3055 481 3147; x_wconf 82' lang='grc' dir='ltr'><strong><em>ἀρχῆς</em></strong></span> <span class='ocrx_word' id='word_1_217' title='bbox 504 3060 670 3148; x_wconf 83' lang='grc' dir='ltr'><strong><em>λήμματος</em></strong></span> <span class='ocrx_word' id='word_1_218' title='bbox 692 3063 731 3127; x_wconf 86' lang='grc' dir='ltr'><strong><em>τὸ</em></strong></span> <span class='ocrx_word' id='word_1_219' title='bbox 755 3069 880 3146; x_wconf 75' lang='grc' dir='ltr'><strong><em>τίμημα</em></strong></span> <span class='ocrx_word' id='word_1_220' title='bbox 898 3068 963 3126; x_wconf 80' lang='grc' dir='ltr'><strong><em>τῶν</em></strong></span> <span class='ocrx_word' id='word_1_221' title='bbox 981 3059 1100 3176; x_wconf 53' lang='grc' dir='ltr'><strong><em>δάρωή</em></strong></span> 
     </span>
     <span class='ocr_line' id='line_1_30' title="bbox 114 3161 928 3263; baseline 0.001 -36"><span class='ocrx_word' id='word_1_222' title='bbox 114 3163 159 3252; x_wconf 87' lang='grc' dir='ltr'><strong><em>μή</em></strong></span> <span class='ocrx_word' id='word_1_223' title='bbox 183 3161 398 3249; x_wconf 84' lang='grc' dir='ltr'><strong><em>λυσιτελήσῃ</em></strong></span> <span class='ocrx_word' id='word_1_224' title='bbox 421 3167 493 3263; x_wconf 82' lang='grc' dir='ltr'><strong><em>τοῖς</em></strong></span> <span class='ocrx_word' id='word_1_225' title='bbox 515 3169 612 3228; x_wconf 82' lang='grc' dir='ltr'><strong><em>τούτο</em></strong></span> <span class='ocrx_word' id='word_1_226' title='bbox 634 3165 783 3248; x_wconf 81' lang='grc' dir='ltr'><strong><em>τολμῶσι</em></strong></span> <span class='ocrx_word' id='word_1_227' title='bbox 805 3173 928 3230; x_wconf 90' lang='grc' dir='ltr'><strong><em>ποιεῖν.</em></strong></span> 
     </span>
    </p>
   </div>
   <div class='ocr_carea' id='block_1_3' title="bbox 114 3429 1116 3962">
    <p class='ocr_par' dir='ltr' id='par_1_5' title="bbox 114 3429 1116 3962">
     <span class='ocr_line' id='line_1_31' title="bbox 184 3429 1098 3499; baseline -0.001 -11"><span class='ocrx_word' id='word_1_228' title='bbox 184 3435 229 3499; x_wconf 79' lang='lat'><strong><em>58,</em></strong></span> <span class='ocrx_word' id='word_1_229' title='bbox 247 3439 264 3488; x_wconf 82' lang='lat'>4</span> <span class='ocrx_word' id='word_1_230' title='bbox 281 3429 342 3487; x_wconf 66' lang='grc' dir='ltr'><strong><em>τοὺς</em></strong></span> <span class='ocrx_word' id='word_1_231' title='bbox 359 3429 458 3499; x_wconf 85' lang='grc' dir='ltr'><strong><em>νόμσνε</em></strong></span> <span class='ocrx_word' id='word_1_232' title='bbox 474 3435 515 3487; x_wconf 85' lang='lat' dir='ltr'><strong><em>At.</em></strong></span> <span class='ocrx_word' id='word_1_233' title='bbox 535 3462 568 3472; x_wconf 92' lang='grc'><strong>-</strong></span> <span class='ocrx_word' id='word_1_234' title='bbox 587 3437 602 3486; x_wconf 86' lang='grc'><strong>6</strong></span> <span class='ocrx_word' id='word_1_235' title='bbox 620 3433 668 3485; x_wconf 83' lang='grc' dir='ltr'><strong><em>τού</em></strong></span> <span class='ocrx_word' id='word_1_236' title='bbox 687 3450 737 3488; x_wconf 84' lang='lat' dir='ltr'><strong><em>om.</em></strong></span> <span class='ocrx_word' id='word_1_237' title='bbox 749 3434 792 3486; x_wconf 78' lang='lat' dir='ltr'><strong><em>At.</em></strong></span> <span class='ocrx_word' id='word_1_238' title='bbox 810 3462 844 3472; x_wconf 89' lang='lat'>-</span> <span class='ocrx_word' id='word_1_239' title='bbox 863 3437 877 3484; x_wconf 79' lang='lat'>7</span> <span class='ocrx_word' id='word_1_240' title='bbox 895 3431 946 3485; x_wconf 84' lang='grc' dir='ltr'><strong><em>τὸν</em></strong></span> <span class='ocrx_word' id='word_1_241' title='bbox 964 3432 1014 3486; x_wconf 82' lang='grc' dir='ltr'><strong><em>δελ.</em></strong></span> <span class='ocrx_word' id='word_1_242' title='bbox 1028 3432 1098 3494; x_wconf 77' lang='lat' dir='ltr'>Graff</span> 
     </span>
     <span class='ocr_line' id='line_1_32' title="bbox 115 3463 1116 3572; baseline -0.005 -17"><span class='ocrx_word' id='word_1_243' title='bbox 115 3505 201 3555; x_wconf 79' lang='lat' dir='ltr'>malim</span> <span class='ocrx_word' id='word_1_244' title='bbox 226 3497 263 3555; x_wconf 73' lang='grc' dir='ltr'><strong><em>δύο</em></strong></span> <span class='ocrx_word' id='word_1_245' title='bbox 280 3520 344 3554; x_wconf 87' lang='grc' dir='ltr'><strong><em>τινα</em></strong></span> <span class='ocrx_word' id='word_1_246' title='bbox 362 3503 422 3553; x_wconf 84' lang='grc' dir='ltr'><strong><em>Νικ.</em></strong></span> <span class='ocrx_word' id='word_1_247' title='bbox 441 3530 475 3539; x_wconf 89' lang='grc'><strong>-</strong></span> <span class='ocrx_word' id='word_1_248' title='bbox 494 3497 575 3552; x_wconf 82' lang='grc' dir='ltr'><strong><em>αύτού</em></strong></span> <span class='ocrx_word' id='word_1_249' title='bbox 592 3500 647 3553; x_wconf 87' lang='grc' dir='ltr'><strong><em>ΑΝ.</em></strong></span> <span class='ocrx_word' id='word_1_250' title='bbox 665 3531 695 3540; x_wconf 96' lang='grc'><strong>-</strong></span> <span class='ocrx_word' id='word_1_251' title='bbox 716 3505 731 3555; x_wconf 91' lang='grc'>8</span> <span class='ocrx_word' id='word_1_252' title='bbox 749 3497 814 3567; x_wconf 86' lang='grc' dir='ltr'><strong><em>ύμῖν</em></strong></span> <span class='ocrx_word' id='word_1_253' title='bbox 832 3505 920 3556; x_wconf 82' lang='grc' dir='ltr'><strong><em>ποιεῖν</em></strong></span> <span class='ocrx_word' id='word_1_254' title='bbox 938 3500 969 3553; x_wconf 88' lang='lat' dir='ltr'><strong><em>N.</em></strong></span> <span class='ocrx_word' id='word_1_255' title='bbox 988 3531 1020 3539; x_wconf 95' lang='lat'><em>-</em></span> <span class='ocrx_word' id='word_1_256' title='bbox 1038 3463 1116 3572; x_wconf 36' lang='lat' dir='ltr'><strong><em>59ss</em></strong></span> 
     </span>
     <span class='ocr_line' id='line_1_33' title="bbox 115 3565 1105 3640; baseline -0.006 -16"><span class='ocrx_word' id='word_1_257' title='bbox 115 3588 190 3639; x_wconf 80' lang='lat' dir='ltr'><strong>supra</strong></span> <span class='ocrx_word' id='word_1_258' title='bbox 210 3587 310 3622; x_wconf 83' lang='lat' dir='ltr'>versum</span> <span class='ocrx_word' id='word_1_259' title='bbox 329 3570 363 3619; x_wconf 91' lang='lat' dir='ltr'><strong><em>A¹</em></strong></span> <span class='ocrx_word' id='word_1_260' title='bbox 381 3599 413 3606; x_wconf 96' lang='lat'>—</span> <span class='ocrx_word' id='word_1_261' title='bbox 433 3566 576 3638; x_wconf 71' lang='grc' dir='ltr'><strong><em>λξελέγχθη</em></strong></span> <span class='ocrx_word' id='word_1_262' title='bbox 594 3568 625 3622; x_wconf 89' lang='grc' dir='ltr'><strong><em>Ν.</em></strong></span> <span class='ocrx_word' id='word_1_263' title='bbox 649 3599 680 3607; x_wconf 91' lang='grc'><strong>-</strong></span> <span class='ocrx_word' id='word_1_264' title='bbox 704 3573 720 3622; x_wconf 89' lang='grc'>2</span> <span class='ocrx_word' id='word_1_265' title='bbox 736 3568 789 3640; x_wconf 83' lang='grc' dir='ltr'><strong><em>γὰρ</em></strong></span> <span class='ocrx_word' id='word_1_266' title='bbox 806 3569 828 3618; x_wconf 91' lang='grc' dir='ltr'>Α</span> <span class='ocrx_word' id='word_1_267' title='bbox 847 3586 892 3636; x_wconf 86' lang='lat' dir='ltr'><strong>pr.,</strong></span> <span class='ocrx_word' id='word_1_268' title='bbox 914 3565 944 3620; x_wconf 75' lang='grc' dir='ltr'><strong><em>δὲ</em></strong></span> <span class='ocrx_word' id='word_1_269' title='bbox 962 3569 1004 3622; x_wconf 89' lang='lat' dir='ltr'><strong><em>A¹.</em></strong></span> <span class='ocrx_word' id='word_1_270' title='bbox 1022 3598 1057 3608; x_wconf 89' lang='lat'><em>-</em></span> <span class='ocrx_word' id='word_1_271' title='bbox 1073 3579 1105 3628; x_wconf 77' lang='grc'><strong><em>4,</em></strong></span> 
     </span>
     <span class='ocr_line' id='line_1_34' title="bbox 114 3634 1104 3706; baseline 0.001 -16"><span class='ocrx_word' id='word_1_272' title='bbox 114 3634 130 3706; x_wconf 77' lang='grc' dir='ltr'><em>ἢ</em></span> <span class='ocrx_word' id='word_1_273' title='bbox 148 3636 235 3706; x_wconf 83' lang='grc' dir='ltr'><strong><em>μὴτὸ</em></strong></span> <span class='ocrx_word' id='word_1_274' title='bbox 254 3638 355 3690; x_wconf 81' lang='lat' dir='ltr'>Reiske.</span> <span class='ocrx_word' id='word_1_275' title='bbox 374 3666 407 3676; x_wconf 98' lang='lat'>-</span> <span class='ocrx_word' id='word_1_276' title='bbox 425 3639 440 3688; x_wconf 89' lang='grc'><strong>6</strong></span> <span class='ocrx_word' id='word_1_277' title='bbox 457 3639 611 3706; x_wconf 74' lang='grc' dir='ltr'><strong><em>γινομένων</em></strong></span> <span class='ocrx_word' id='word_1_278' title='bbox 628 3637 659 3702; x_wconf 88' lang='grc' dir='ltr'><strong><em>Ν,</em></strong></span> <span class='ocrx_word' id='word_1_279' title='bbox 678 3638 742 3689; x_wconf 60' lang='lat' dir='ltr'><strong><em>cic</em></strong></span> <span class='ocrx_word' id='word_1_280' title='bbox 761 3653 784 3703; x_wconf 92' lang='lat' dir='ltr'><strong><em>p.</em></strong></span> <span class='ocrx_word' id='word_1_281' title='bbox 800 3641 814 3688; x_wconf 77' lang='lat'><strong>7</strong></span> <span class='ocrx_word' id='word_1_282' title='bbox 832 3667 866 3675; x_wconf 89' lang='lat'>-</span> <span class='ocrx_word' id='word_1_283' title='bbox 882 3641 938 3689; x_wconf 76' lang='grc' dir='ltr'><strong><em>τοῖς</em></strong></span> <span class='ocrx_word' id='word_1_284' title='bbox 954 3639 976 3688; x_wconf 91' lang='grc' dir='ltr'>Α</span> <span class='ocrx_word' id='word_1_285' title='bbox 995 3652 1041 3703; x_wconf 71' lang='grc' dir='ltr'><strong><em>ρο,</em></strong></span> <span class='ocrx_word' id='word_1_286' title='bbox 1062 3642 1104 3697; x_wconf 66' lang='grc' dir='ltr'><strong><em>ταὶ</em></strong></span> 
     </span>
     <span class='ocr_line' id='line_1_35' title="bbox 114 3699 1101 3783; baseline -0.002 -23"><span class='ocrx_word' id='word_1_287' title='bbox 114 3738 147 3746; x_wconf 93' lang='grc'>-</span> <span class='ocrx_word' id='word_1_288' title='bbox 167 3712 181 3760; x_wconf 85' lang='grc'><strong>7</strong></span> <span class='ocrx_word' id='word_1_289' title='bbox 199 3709 250 3773; x_wconf 77' lang='grc' dir='ltr'><strong><em>μὲν</em></strong></span> <span class='ocrx_word' id='word_1_290' title='bbox 267 3701 294 3758; x_wconf 76' lang='grc' dir='ltr'><strong><em>τ’</em></strong></span> <span class='ocrx_word' id='word_1_291' title='bbox 315 3699 349 3757; x_wconf 81' lang='grc' dir='ltr'><strong><em>ἀν</em></strong></span> <span class='ocrx_word' id='word_1_292' title='bbox 366 3705 420 3756; x_wconf 86' lang='lat' dir='ltr'><strong><em>AN.</em></strong></span> <span class='ocrx_word' id='word_1_293' title='bbox 437 3734 471 3742; x_wconf 90' lang='lat'>—</span> <span class='ocrx_word' id='word_1_294' title='bbox 488 3706 533 3769; x_wconf 82' lang='grc'><strong><em>60,</em></strong></span> <span class='ocrx_word' id='word_1_295' title='bbox 554 3708 566 3758; x_wconf 91' lang='grc'>1</span> <span class='ocrx_word' id='word_1_296' title='bbox 586 3700 619 3769; x_wconf 84' lang='grc' dir='ltr'><strong><em>δὴ</em></strong></span> <span class='ocrx_word' id='word_1_297' title='bbox 637 3722 687 3758; x_wconf 80' lang='grc' dir='ltr'><strong><em>ουν.</em></strong></span> <span class='ocrx_word' id='word_1_298' title='bbox 705 3707 747 3769; x_wconf 83' lang='lat' dir='ltr'><strong><em>At,</em></strong></span> <span class='ocrx_word' id='word_1_299' title='bbox 766 3706 798 3756; x_wconf 76' lang='lat' dir='ltr'><strong><em>cs.</em></strong></span> <span class='ocrx_word' id='word_1_300' title='bbox 818 3705 835 3755; x_wconf 88' lang='lat' dir='ltr'><strong>G</strong></span> <span class='ocrx_word' id='word_1_301' title='bbox 853 3708 932 3772; x_wconf 78' lang='lat' dir='ltr'><strong>p12.</strong></span> <span class='ocrx_word' id='word_1_302' title='bbox 950 3734 984 3742; x_wconf 98' lang='lat'><em>-</em></span> <span class='ocrx_word' id='word_1_303' title='bbox 1003 3707 1018 3758; x_wconf 83' lang='lat'><strong>2</strong></span> <span class='ocrx_word' id='word_1_304' title='bbox 1036 3701 1101 3783; x_wconf 80' lang='grc' dir='ltr'><strong><em>ἡααρ</em></strong></span> 
     </span>
     <span class='ocr_line' id='line_1_36' title="bbox 115 3769 1098 3842; baseline -0.003 -15"><span class='ocrx_word' id='word_1_305' title='bbox 115 3794 174 3828; x_wconf 81' lang='grc' dir='ltr'><strong><em>κων</em></strong></span> <span class='ocrx_word' id='word_1_306' title='bbox 192 3775 261 3827; x_wconf 87' lang='lat' dir='ltr'><strong>ANt:</strong></span> <span class='ocrx_word' id='word_1_307' title='bbox 285 3790 346 3826; x_wconf 86' lang='lat' dir='ltr'><strong>corr.</strong></span> <span class='ocrx_word' id='word_1_308' title='bbox 366 3771 477 3840; x_wconf 83' lang='lat' dir='ltr'><strong>Sauppe.</strong></span> <span class='ocrx_word' id='word_1_309' title='bbox 502 3802 535 3811; x_wconf 93' lang='lat'><em>-</em></span> <span class='ocrx_word' id='word_1_310' title='bbox 558 3777 572 3825; x_wconf 85' lang='lat'><strong>7</strong></span> <span class='ocrx_word' id='word_1_311' title='bbox 592 3769 685 3842; x_wconf 76' lang='grc' dir='ltr'><strong><em>ὀφλεῖν</em></strong></span> <span class='ocrx_word' id='word_1_312' title='bbox 703 3773 793 3836; x_wconf 79' lang='grc' dir='ltr'><strong><em>Μεῖετ,</em></strong></span> <span class='ocrx_word' id='word_1_313' title='bbox 818 3775 870 3826; x_wconf 88' lang='lat' dir='ltr'><strong>sed.</strong></span> <span class='ocrx_word' id='word_1_314' title='bbox 890 3774 922 3825; x_wconf 76' lang='lat' dir='ltr'><strong><em>es.</em></strong></span> <span class='ocrx_word' id='word_1_315' title='bbox 941 3773 999 3841; x_wconf 83' lang='lat' dir='ltr'>Lys.</span> <span class='ocrx_word' id='word_1_316' title='bbox 1022 3773 1040 3835; x_wconf 91' lang='grc'><strong><em>1,</em></strong></span> <span class='ocrx_word' id='word_1_317' title='bbox 1059 3777 1098 3831; x_wconf 83' lang='grc'><strong><em>32.</em></strong></span> 
     </span>
     <span class='ocr_line' id='line_1_37' title="bbox 115 3839 1082 3962; baseline -0.004 -67"><span class='ocrx_word' id='word_1_318' title='bbox 115 3840 274 3962; x_wconf 79' lang='grc' dir='ltr'><strong><em>τετιμήκασι</em></strong></span> <span class='ocrx_word' id='word_1_319' title='bbox 291 3844 312 3893; x_wconf 85' lang='grc' dir='ltr'><strong>Α</strong></span> <span class='ocrx_word' id='word_1_320' title='bbox 332 3857 381 3908; x_wconf 67' lang='lat' dir='ltr'><strong><em>pn,</em></strong></span> <span class='ocrx_word' id='word_1_321' title='bbox 406 3858 469 3893; x_wconf 83' lang='lat' dir='ltr'><strong>corr.</strong></span> <span class='ocrx_word' id='word_1_322' title='bbox 488 3842 531 3892; x_wconf 86' lang='lat' dir='ltr'><strong><em>A¹.</em></strong></span> <span class='ocrx_word' id='word_1_323' title='bbox 555 3870 586 3878; x_wconf 90' lang='lat'><em>-</em></span> <span class='ocrx_word' id='word_1_324' title='bbox 612 3846 627 3895; x_wconf 89' lang='lat'>9</span> <span class='ocrx_word' id='word_1_325' title='bbox 648 3846 754 3912; x_wconf 80' lang='grc' dir='ltr'><strong><em>γίνεται</em></strong></span> <span class='ocrx_word' id='word_1_326' title='bbox 775 3843 797 3892; x_wconf 87' lang='grc' dir='ltr'><strong>Α</strong></span> <span class='ocrx_word' id='word_1_327' title='bbox 816 3856 866 3907; x_wconf 70' lang='lat' dir='ltr'><strong><em>pn,</em></strong></span> <span class='ocrx_word' id='word_1_328' title='bbox 888 3846 998 3911; x_wconf 84' lang='grc' dir='ltr'><strong><em>γίνηται</em></strong></span> <span class='ocrx_word' id='word_1_329' title='bbox 1014 3839 1082 3897; x_wconf 73' lang='lat' dir='ltr'><strong>NA2.</strong></span> 
     </span>
    </p>
   </div>
   <div class='ocr_carea' id='block_1_4' title="bbox 114 3905 1084 4050">
    <p class='ocr_par' dir='ltr' id='par_1_6' title="bbox 114 3905 1084 4050">
     <span class='ocr_line' id='line_1_38' title="bbox 115 3905 1084 3979; baseline -0.004 -14"><span class='ocrx_word' id='word_1_330' title='bbox 115 3914 174 3965; x_wconf 79' lang='grc' dir='ltr'><strong><em>τῶν</em></strong></span> <span class='ocrx_word' id='word_1_331' title='bbox 214 3907 296 3979; x_wconf 83' lang='grc' dir='ltr'><strong><em>ω’ρων</em></strong></span> <span class='ocrx_word' id='word_1_332' title='bbox 317 3912 408 3962; x_wconf 81' lang='lat' dir='ltr'>abesse</span> <span class='ocrx_word' id='word_1_333' title='bbox 432 3910 504 3961; x_wconf 83' lang='lat' dir='ltr'>malit</span> <span class='ocrx_word' id='word_1_334' title='bbox 526 3909 629 3976; x_wconf 80' lang='lat' dir='ltr'><strong>Sauppe</strong></span> <span class='ocrx_word' id='word_1_335' title='bbox 653 3910 711 3963; x_wconf 84' lang='lat' dir='ltr'><strong>coll.</strong></span> <span class='ocrx_word' id='word_1_336' title='bbox 729 3910 756 3974; x_wconf 86' lang='grc' dir='ltr'><strong><em>ΙΙ,</em></strong></span> <span class='ocrx_word' id='word_1_337' title='bbox 777 3913 817 3963; x_wconf 82' lang='lat'><strong><em>17.</em></strong></span> <span class='ocrx_word' id='word_1_338' title='bbox 839 3938 873 3949; x_wconf 87' lang='lat'>—</span> <span class='ocrx_word' id='word_1_339' title='bbox 896 3912 924 3962; x_wconf 85' lang='lat'><strong><em>11</em></strong></span> <span class='ocrx_word' id='word_1_340' title='bbox 949 3905 1084 3978; x_wconf 73' lang='grc' dir='ltr'><strong><em>λυσιτελὴς</em></strong></span> 
     </span>
     <span class='ocr_line' id='line_1_39' title="bbox 114 3969 522 4050; baseline -0.002 -19"><span class='ocrx_word' id='word_1_341' title='bbox 114 3996 162 4048; x_wconf 68' lang='lat' dir='ltr'><strong><em>pn,</em></strong></span> <span class='ocrx_word' id='word_1_342' title='bbox 180 3976 233 4032; x_wconf 79' lang='grc' dir='ltr'><strong><em>-λὲε</em></strong></span> <span class='ocrx_word' id='word_1_343' title='bbox 249 3969 265 4050; x_wconf 78' lang='grc' dir='ltr'><strong><em>ᾖ</em></strong></span> <span class='ocrx_word' id='word_1_344' title='bbox 283 3980 341 4031; x_wconf 65' lang='grc' dir='ltr'><strong><em>Α’λι</em></strong></span> <span class='ocrx_word' id='word_1_345' title='bbox 360 3994 423 4031; x_wconf 84' lang='lat' dir='ltr'>corr.</span> <span class='ocrx_word' id='word_1_346' title='bbox 441 3978 522 4030; x_wconf 79' lang='grc' dir='ltr'><strong><em>Βλαεε.</em></strong></span> 
     </span>
    </p>
   </div>
   <div class='ocr_carea' id='block_1_5' title="bbox 0 0 1174 4410">
    <p class='ocr_par' dir='ltr' id='par_1_7' title="bbox 0 0 1174 4410">
     <span class='ocr_line' id='line_1_40' title="bbox 0 0 1174 4410; baseline 0 0"><span class='ocrx_word' id='word_1_347' title='bbox 0 0 1174 4410; x_wconf 95' lang='lat' dir='ltr'><strong><em> </em></strong></span> 
     </span>
    </p>
   </div>
  </div>
 </body>
</html>
