2324 4410
369 256 454 308 ΚΑΤΑ
471 252 723 308 ΔΗΜΟΣΘΕΝΟΥΣ.
1048 253 1088 311 13

10 415 119 505 λήμου,
143 421 194 506 μὰ
218 423 282 490 Δί’
308 418 346 489 ού
368 422 411 490 τά
433 432 571 491 τοιαῦτα
592 422 718 510 κινάδη,
743 427 777 490 οἳ
799 422 1007 511 πεποιήκασι
1028 424 1088 507 μὲν

10 515 97 591 νύδὲν
123 521 205 593 ούδὲ
229 527 416 612 πράξουσιν
439 521 567 611 άγαθόν
597 525 680 610 ὑπὲρ
707 529 765 610 τῆς
786 525 932 606 πόλεως,
962 527 1022 614 την
1050 527 1089 611 ,δὲ

10 621 117 695 αύτῶν
140 626 335 715 ἀσφάλειαν
356 631 529 715 τηροῦντες
557 631 611 694 καὶ
640 627 810 694 πάντοθεν
840 625 1089 712 ἀργυριζόμενοι

14 731 62 795 καὶ
90 730 316 818 πεποιηκότες
343 731 401 819 τὴν
430 730 530 797 πόλιν
560 724 755 814 ἀδοξοτέραν
779 731 918 809 ἑαυτῶν,
949 733 1001 796 καί
1032 733 1088 796 νύν

20 829 205 919 εἰλημμένοι
221 835 311 918 δῶρα
325 829 409 898 καθ’
422 828 512 915 ύμῶν
530 832 709 918 εἰληφότες,
727 829 980 916 παρακρούονθ’
993 829 1086 915 ύμᾶς,

24 937 68 1002 καὶ
100 930 234 1014 άξιοῦσι
263 938 411 1002 τοιοῦτοι
433 942 638 1021 γεγενημένοι
660 938 738 1020 περὶ
761 943 820 1023 της
843 935 966 1001 ἑαυτῶν
990 935 1089 1001 πλεο-

30 1038 123 1118 νεξίας
144 1038 471 1123 παραγγέλλειν·
495 1034 551 1115 οὓς
572 1041 668 1125 χρῆν
686 1037 846 1104 τεθνάναι
860 1038 943 1105 κατὰ
958 1037 996 1103 τὸ
1012 1037 1089 1104 ἑαυ-

32 1145 82 1206 τῶν
103 1141 266 1227 ψύφισμα
290 1140 405 1220 πάλαι,
429 1143 567 1205 τοιαῦτα
591 1141 910 1224 διαπεπραγμένους.

106 1241 173 1310 Οόκ
196 1240 403 1325 αἰσχύνεσθε,
436 1241 552 1326 ἄνδρες
571 1241 761 1328 Ἀθηναῖοι,
790 1241 848 1327 τὴν
870 1240 953 1307 κατὰ
974 1245 1088 1326 Δημο-
1099 1245 1137 1305 41

38 1349 160 1423 σθένους
189 1343 350 1428 τιμωρίαν
380 1344 415 1411 ἐκ
442 1347 507 1410 τῶν
538 1341 705 1431 ἡμετέρων
733 1344 837 1429 λόγων
860 1343 969 1425 μόνων
991 1339 1090 1432 ἡγού-

10 1462 12 1480 “
38 1471 112 1528 μενοι
134 1448 202 1514 δεῖν
224 1453 344 1530 κρίνειν
351 1475 363 1529 ,·
387 1445 444 1511 οὐκ
467 1447 540 1512 ’ίστε
560 1449 676 1512 τούτου
698 1441 793 1513 αὐτοὶ
809 1446 994 1529 δωροδόκον
1011 1442 1090 1510 όντα

39 1552 80 1614 ταί
104 1547 245 1634 κλέπτην
275 1551 328 1614 καί
358 1547 525 1634 προδότην
555 1556 621 1613 τῶν
649 1548 772 1635 φίλων,
803 1548 859 1614 καί
880 1551 937 1636 τῆς
960 1547 1090 1625 πόλεως

39 1649 152 1730 ἀνάξιον
182 1649 236 1716 καί
259 1649 359 1716 αὐτόν
388 1653 441 1716 καί
471 1652 528 1739 τὴν
559 1653 634 1734 περὶ
662 1654 779 1716 τοῦτον
801 1650 898 1736 τύχην
921 1655 1091 1736 γεγενημέ-

40 1780 99 1838 νην,
128 1749 197 1820 άπὸ
222 1751 331 1820 ποίων
354 1753 583 1840 ψηφισμάτων
605 1746 703 1832 οὗτος
724 1747 747 1840 ἢ
769 1761 877 1820 ποίων
900 1754 1010 1835 νόμων
1033 1747 1090 1819 ούκ

41 1857 153 1943 εἴληφεν
182 1850 355 1942 άργύριον,·
393 1856 458 1923 εἰσί
486 1880 572 1933 τινες
602 1855 635 1920 ἓν
662 1859 708 1941 τῷ
737 1857 935 1940 δικαστηρίῳ
963 1864 1028 1921 τῶν
1057 1856 1090 1921 ίν
1101 1861 1140 1921 42

40 1961 96 2035 τοῖς
113 1955 315 2042 τριακοσίοις
337 1962 564 2042 γεγενημένων,
595 1949 654 2021 ὅθ’
682 1950 778 2034 οὗτος
801 1956 909 2023 ἐτίθει
931 1980 988 2022 τον
1011 1955 1091 2041 περί

40 2061 90 2124 τῶν
109 2058 310 2146 τριηράρχων
332 2058 452 2142 νόμους
476 2058 514 2125 οὐ
534 2059 678 2145 φράσετε
700 2063 771 2138 τοῖς
787 2057 930 2143 πλησίον
948 2056 1001 2126 ὅτι
1014 2065 1091 2144 τρία

41 2159 163 2228 τάλαντα
186 2158 295 2245 λοβῶν
315 2167 500 2250 μετέγραφε
521 2162 577 2228 καί
591 2160 803 2246 μετεσκεύαζε
817 2157 874 2228 τὸν
890 2162 991 2244 νόμον
1006 2161 1089 2227 καθ’

43 2260 157 2350 ἑκάστην
180 2262 360 2350 ἐκκλησίαν,
384 2265 437 2329 καί
460 2264 503 2330 τά
524 2265 583 2349 μὲν
607 2264 731 2332 ἕπιόλει
752 2259 798 2331 ῶν
821 2263 951 2354 εἰλήφει
968 2264 1025 2350 τὴν
1041 2291 1092 2330 τι·

10 2365 100 2448 ῑμόν,
129 2364 169 2431 τά
198 2359 231 2430 δ’
259 2363 466 2449 ἀποδόμενος
497 2363 555 2433 οὐκ
581 2366 752 2451 έβεβαίους
787 2368 904 2435 ε’ίπατέ
920 2391 984 2454 μοι
1006 2364 1091 2449 πρός
1102 2371 1142 2433 43

10 2484 16 2515 ²
40 2464 120 2547 Διός,
151 2457 331 2551 ῶάνδρες,
362 2478 486 2551 προῖκα
514 2472 631 2534 τοῦτον
662 2470 780 2536 οἴεσθε
805 2469 935 2554 γράψαι
956 2471 1091 2554 Διφίλῳ

39 2568 83 2653 τὴν
103 2571 135 2638 έν
157 2577 344 2658 πρυτανείῳ
372 2580 502 2658 σίτησιν
530 2574 583 2638 καί
613 2570 671 2658 την
701 2573 747 2649 εἷς
774 2573 832 2657 τὴν
861 2569 982 2657 ἀγορὰν
1012 2570 1093 2638 άνα-

10 2664 12 2671 ’
39 2681 265 2761 τιθησσμένην
289 2673 418 2756 εἰκόνα,
450 2667 471 2758 ἢ
493 2671 530 2738 τό
554 2682 714 2761 ποιῆσαι
735 2673 876 2750 πολίτας
898 2670 983 2755 ύμᾶς
1004 2679 1092 2738 Χαι-

40 2775 157 2862 ρέφιλον
180 2779 234 2843 καὶ
260 2775 413 2843 Φείδωνα
440 2778 493 2842 καί
516 2772 698 2861 Πάμφιλον
726 2774 781 2841 καί
806 2777 1042 2857 Φείδιππον,·
1072 2769 1092 2863 ἢ

40 2877 125 2946 πάλιν
141 2879 311 2966 Ἐπιγένην
334 2882 388 2945 καὶ
403 2876 542 2945 Κόνωνα
565 2879 642 2956 τούς
664 2880 882 2962 τραπεζίτας,·
912 2871 932 2966 ἢ
954 2877 992 2944 τὸ
1014 2878 1092 2960 χαλ-

40 2989 101 3060 τούς
120 2982 153 3049 έν
176 2981 280 3070 άγορᾷ
304 2985 425 3070 στῆσαι
440 2980 678 3068 Παιρισάδην
700 2980 754 3046 καί
769 2980 917 3066 Σάτυρον
939 2983 994 3047 καί
1009 2988 1040 3047 Γ
1039 2982 1093 3065 όρ-

38 3107 149 3166 γιππον
171 3085 248 3163 τοὺς
271 3085 312 3151 ἑκ
333 3087 404 3150 τού
426 3083 592 3150 Πόντου
614 3083 801 3168 τυράννους,
826 3078 909 3167 παρ’
935 3078 980 3150 ῶν
1004 3079 1092 3172 αύτηῖ

91 3253 135 3318 40,
152 3257 167 3307 3
186 3252 218 3307 vi:
238 3247 314 3320 supra
331 3270 433 3306 versum
450 3255 485 3304 Α1
503 3283 536 3291 -
554 3250 736 3319 πεποιήκασιν
753 3255 784 3308 N.
802 3284 836 3292 -
855 3260 869 3308 5
888 3248 982 3305 αὐτῶν
997 3254 1044 3306 ΑΝ
1060 3283 1095 3293 -

38 3319 186 3386 παταχόθεν
203 3322 286 3374 Blass.
307 3351 343 3361 —
367 3327 380 3373 7
399 3318 620 3391 παρακρούονται
639 3323 692 3374 A1t.
715 3351 748 3360 —
773 3325 788 3375 9
809 3319 991 3393 παραγγέλειν
1008 3324 1030 3373 Α
1048 3340 1093 3390 pr.,

38 3390 142 3455 corr.A¹,
161 3384 295 3474 παράγειν
311 3390 405 3451 Baiter,
424 3406 483 3441 num
502 3387 688 3458 παραληρεῖνλ
710 3420 744 3428 -
765 3386 827 3458 χρὴι
851 3407 916 3443 corr.
933 3391 1042 3442 Bekker.
1060 3420 1089 3428 -

38 3456 63 3507 10
77 3455 161 3509 πάλαι
178 3478 246 3510 κατι
265 3475 290 3511 τ.
308 3457 329 3510 δ.
347 3474 378 3527 φ.
396 3457 427 3510 Ν.
449 3487 480 3495 -
506 3457 582 3517 41.2
605 3455 744 3529 ὑμετέρων
760 3460 782 3509 Α
798 3474 848 3525 pr.,
873 3475 936 3510 corr.
953 3460 996 3511 A2.
1021 3488 1054 3498 -
1077 3461 1095 3509 4

35 3525 142 3592 κρόκην
160 3527 182 3576 Α
200 3542 251 3612 Bt„
275 3541 338 3578 corr.
356 3526 391 3577 Α1
404 3555 445 3588 „—
469 3527 528 3577 τῶν
552 3529 641 3578 om.A
664 3557 697 3565 -—
715 3528 762 3591 τῆς
783 3545 813 3578 π.
831 3522 970 3596 ἀλιτήριον
987 3527 1093 3579 Franke.

34 3615 61 3627 ··
77 3595 92 3645 δ
109 3610 179 3663 ψηφ.
197 3614 214 3658 η
232 3613 261 3647 π.
277 3589 372 3660 νόμων
388 3589 464 3646 οὗτος
481 3587 529 3644 ούκ
547 3595 576 3646 Ν.
596 3625 628 3632 -
645 3594 721 3658 42,4
739 3591 914 3659 ...εσκεύαζε
931 3596 1011 3662 Apu,
1030 3611 1093 3647 corr.

33 3654 70 3737 {¹-
85 3690 118 3700 -
135 3660 215 3726 43‚2
238 3658 360 3729 διιφίλῳε
384 3678 447 3713 corr.
466 3661 524 3716 Ald.
548 3691 580 3700 —
604 3665 619 3714 3
637 3680 788 3729 πρυταν.ῳ
812 3663 834 3714 Ν
852 3679 902 3730 pr.,
927 3679 990 3714 corr.
1009 3664 1044 3714 N¹
1063 3691 1094 3702 -

30 3729 239 3795 ῠνωθησομίνην
260 3730 329 3781 ANt:
355 3746 418 3784 corr.
442 3729 545 3782 Reiske.
570 3760 603 3768 -
627 3734 643 3783 4
665 3727 839 3796 ποιήσασθαι
864 3731 952 3782 Wurm
975 3760 1009 3768 -
1032 3725 1096 3796 ύμῖν

10 3806 12 3811 ’
31 3786 153 3850 Weidner.
175 3827 204 3836 -
225 3803 239 3851 5
258 3795 405 3864 φίλιππανε
425 3813 488 3850 corr.
504 3797 597 3865 Bergk,
616 3795 764 3863 Φίλιππον,
782 3803 827 3849 καὶ
845 3794 928 3852 πάλιν
946 3803 965 3862 t,
983 3794 1096 3864 ἢπάλιν

29 3855 120 3917 hahent
137 3865 190 3917 AN.
208 3895 242 3904 —
261 3869 275 3917 ’ί
294 3859 440 3933 βιρισάδην
453 3867 523 3919 ANt:
541 3882 628 3919 veram
646 3869 756 3919 nominis
775 3868 881 3919 formam
900 3867 967 3918 tituli
985 3872 1096 3934 servant,

29 3927 59 3980 ef.
76 3931 253 3999 Dittenberger
271 3932 329 3996 SlG‚
350 3937 395 3987 101
411 3949 450 4002 sq.
469 3965 502 3974 -
520 3933 642 4003 σάτ.ρον
659 3934 680 3985 Ν
700 3951 746 4002 pr.,
764 3951 828 3987 corr.
841 3935 884 3986 N¹.
903 3965 935 3973 -
954 3938 968 3988 8
987 3940 1018 3987 εκ
1036 3932 1097 3989 τού-

25 4009 96 4052 τωνι
114 4016 177 4054 corr.
196 4001 289 4068 Baiter,
307 4002 338 4054 de
356 4003 464 4055 articulo
483 4003 515 4057 cf.
534 4005 592 4071 LyS.
610 4002 675 4067 xvl‚
693 4008 717 4066 4,
736 4003 880 4067 ἐχθίστους
897 4003 955 4055 ΑΙδ.
