2324 4410
115 195 133 253 2
559 197 741 249 ΔΕΙΝΑΡΧΟΥ

114 366 197 432 ποτὲ
229 364 359 451 γνιάμην
389 365 475 444 ἕξετε
502 365 580 450 περὶ
608 371 674 429 τῶν
702 367 744 451 τῇ
771 363 910 446 πατρίδι
940 365 1107 452 συμφοράν

113 469 166 534 καὶ
195 467 337 550 πότερον
367 465 426 544 τὰς
457 463 543 544 ἰδίας
572 465 697 532 τούτων
724 467 926 552 δωροδοκίας
947 469 1000 533 καὶ
1024 491 1112 555 πονη

114 569 344 649 ἀναδέξεσθε
366 569 412 646 εἰς
435 564 519 652 ἀμοῖς
542 565 673 648 αὐτούς,
705 563 726 653 ἢ
754 568 896 655 φανερὸν
923 573 1028 636 πᾶσιν
1051 564 1118 644 cive

113 694 192 748 ποις
223 669 382 756 ποιήσετε
413 668 499 735 διότι
527 679 656 752 μισεῖτε
690 669 766 748 τοὺς
802 670 885 736 κατά
920 679 977 759 τῆς
1012 673 1118 748 πολιῇ

113 759 202 858 διδρα
226 771 460 855 λαμβάνοντας,
484 769 540 837 καὶ
562 766 619 853 οάχ
642 769 689 836 ἵν’
708 767 816 859 ἀφῆτε
835 773 941 857 ζητεῖν
957 783 1118 855 προσετιῑΙ

110 876 149 959 τῇ
173 874 206 948 ἐξ
230 867 360 959 Ἀρείου
383 873 491 958 πάγου
513 875 633 960 βουλῇ,
662 867 737 939 ἀλλ’
762 874 818 940 ἵνα
841 873 1085 962 ἀποφηνάντων

77 985 177 1043 4των
200 971 292 1058 δμεῖς
314 974 551 1062 τιμωρήσησθε
572 978 637 1040 ταῖν
655 970 864 1059 ἀδικημάτων
881 972 989 1055 ἀξίως.
1027 980 1118 1042 νυνὶι

111 1104 165 1144 νυν
188 1081 285 1144 τοῦτο
313 1072 369 1164 ἀφ’
402 1074 478 1160 ὑμῖν
511 1077 591 1144 ἔστι.
639 1084 875 1163 ψηφισαμένου
905 1078 965 1163 γὰρ
995 1087 1054 1143 τοῦ
1078 1078 1115 1164 δή

111 1181 236 1247 δίκαιον
260 1176 438 1269 ψήφισμα,
470 1179 525 1246 καὶ
553 1178 687 1245 πάντων
716 1183 781 1246 τοῖν
804 1182 952 1247 πολιτῶν
973 1183 1117 1266 βουλομέ

110 1278 214 1367 εὗρεῖν
242 1289 328 1360 τίνες
358 1282 421 1348 εἶσὶ
451 1284 516 1348 τοῖν
546 1281 693 1368 ῥητόρων
723 1282 756 1347 οῖ
784 1283 1005 1372 τολμήσαντες
1028 1283 1084 1350 ἐπὶ
1109 1308 1118 1348 ι

108 1387 190 1470 βολῇ
219 1386 272 1450 καὶ
302 1383 440 1469 κινδύνῳ
469 1387 526 1471 τῆς
555 1383 685 1462 πόλεως
714 1383 865 1473 χρήματα
893 1385 986 1467 παρὰ
1009 1383 1118 1468 Ἆρπά

109 1489 231 1571 λαβεῖν,
256 1485 311 1554 καί
333 1487 419 1571 πρὸς
435 1485 564 1566 τούτοις
587 1487 763 1575 [ψήφισμά
778 1487 824 1574 τι]
846 1490 1045 1574 γράφοντος,
1072 1478 1097 1553 ἀ

108 1587 284 1673 μόσθενες,
310 1598 370 1656 σοῦ
392 1593 444 1656 καὶ
468 1589 585 1675 ἑτέρων
602 1590 745 1669 πολλῶν,
771 1590 875 1676 ζητεῖν
890 1592 948 1679 τήν
965 1589 1108 1678 βουλήνι

110 1688 233 1770 αάτυῖν,
265 1686 309 1768 ὥς
337 1688 419 1778 αάτῇ
442 1688 584 1774 πάτριόν
608 1690 712 1772 ἔστιν,
743 1692 774 1758 εἲ
802 1717 887 1770 τινες
911 1691 1105 1781 εἰλήφασιν

76 1788 277 1876 5Ἁρπάλου
298 1800 442 1876 χρυσίον,
466 1794 554 1879 ζητεῖ
569 1789 589 1880 ἦ
605 1793 719 1880 βουλή,
744 1791 802 1859 οὐκ
824 1793 858 1860 ἐκ
879 1802 944 1859 τοῖν
967 1794 1101 1879 προκλήι

108 1901 267 1978 μαθοῦσα
288 1895 327 1960 τδ
352 1897 494 1975 δίκαιον,
525 1890 602 1963 οὐδὲ
629 1894 689 1981 τήν
720 1892 959 1982 ἀλήθειανκαὶ
983 1897 1041 1983 τήν
1066 1923 1096 1963 π,

107 1996 168 2084 τήν
191 1997 269 2083 περὶ
292 1995 393 2084 αὑτῆς
416 1997 473 2064 ἐπὶ
497 2001 557 2064 σοῦ
580 1998 763 2066 καταλῦσαι
784 2000 978 2086 βουλομένη,
1003 1993 1077 2065 ἀλλ’

108 2101 162 2164 καὶ
178 2096 272 2168 αὐτοὶ
288 2101 320 2166 οἱ
333 2099 572 2186 Ἀρεοπαγῖται
589 2096 695 2182 εἷπον,
719 2105 901 2187 προορῶσα
916 2102 1009 2189 (μέν)
1030 2098 1049 2190 ή
1065 2110 1087 2188 β

109 2193 134 2270 οῖ
163 2202 292 2285 ἀνδρες,
328 2203 387 2291 τήν
417 2200 541 2269 τούτων
572 2203 660 2286 ἰσχὺν
689 2206 742 2268 καλ
771 2202 828 2292 τήν
858 2202 890 2270 ἒν
921 2207 965 2288 τῷ
996 2207 1086 2289 λέγειν

108 2304 265 2390 πράττειν
296 2303 446 2388 δύναμιν,
480 2300 536 2372 οὐκ
566 2305 698 2392 οἰομένη
729 2307 764 2372 δὲ
788 2307 855 2373 δεῖν
879 2304 1034 2390 οὐδεμίαν
1057 2306 1083 2374 δι

106 2408 262 2492 γίζεσθαι
291 2411 357 2475 τῶν
388 2410 464 2490 περὶ
495 2403 594 2496 αάιής
623 2407 787 2491 ἐσομένων
809 2408 1045 2496 βλασφημιῶν,

106 2510 218 2592 μέλλει
246 2517 286 2599 τῇ
315 2512 454 2593 πατρίδι
482 2509 616 2589 αὐτοῖς
644 2510 735 2577 αἰτία
763 2511 918 2597 μοχθηρὰ
946 2514 999 2578 καὶ
1029 2509 1118 2610 κίνσ,

74 2612 260 2679 δέσεσθαι.
295 2610 428 2692 τούτων,
454 2609 498 2691 ιδς
522 2609 627 2680 ἐδόκει
648 2616 695 2699 τηῖ
719 2613 823 2700 δήμῳ,
846 2615 953 2692 καλῶς
975 2615 1030 2681 καὶ
1053 2639 1118 2714 συγ,

107 2714 231 2798 ρόντως
254 2713 494 2800 πεπραγμένων
522 2714 627 2782 αἰτίαι
649 2718 705 2782 νῦν
734 2718 788 2782 καὶ
817 2714 1018 2802 προκλήσεις
1045 2729 1100 2795 καὶ

106 2823 284 2902 κοφαντίαι
299 2817 392 2898 παρὰ
407 2817 647 2903 Δημοσθένους
663 2814 808 2904 ἥκουσιν,
834 2816 948 2904 ἐπειδή
973 2813 1070 2898 οὗτος
1092 2827 1107 2894 0³

106 2918 274 3005 πέφανται
311 2919 416 2985 ε’ίκοσι
449 2917 593 2985 τάλαντα
623 2920 702 3001 έχων
730 2918 881 3005 χρυσίον·
914 2923 969 2987 καὶ
999 2916 1018 3008 ἡ
1049 2929 1101 2994 ταῖν

105 3020 267 3104 προνοίας
297 3020 408 3106 φόνων
438 3016 635 3100 ἀξιόπιστος
665 3007 748 3088 οάσα
776 3019 880 3111 βουλή
908 3023 947 3087 τὸ
975 3024 1097 3092 δίκαιον

55 3135 83 3185 91
106 3117 231 3208 ἀληθὲς
254 3118 374 3208 εὗρεῖν,
404 3123 459 3189 καὶ
481 3121 575 3207 κυρία
599 3125 730 3191 δικάσαι
753 3151 789 3191 τε
812 3129 888 3210 περὶ
911 3129 970 3192 τοῖν
996 3127 1000 3210 Ι
1027 3126 1093 3212 σαῖμ

106 3226 160 3292 καὶ
182 3228 239 3312 τῆς
263 3228 371 3314 ψυχῆς
394 3225 532 3292 ἑκάστου
554 3229 619 3292 τῶν
643 3229 799 3307 πολιτιῖν,
827 3227 975 3305 καὶτοῖς
996 3229 1055 3311 μὲν
1077 3239 1090 3316 β

174 3462 200 3526 3,
219 3465 234 3514 6
252 3457 422 3525 ἀναδέχεσθε
439 3460 509 3513 ANt:
529 3477 592 3514 corr.
603 3461 757 3529 Stephanus.
777 3493 809 3502 -
829 3467 843 3517 8
862 3464 907 3515 ἵνα
920 3465 950 3517 N.
969 3493 1001 3504 —
1019 3465 1075 3529 4,2

106 3525 138 3581 τὸ
156 3529 198 3582 N2.
219 3560 250 3568 -
269 3533 283 3582 6
303 3534 459 3598 ψηφίσματι
471 3530 492 3580 Α
506 3545 552 3596 φο,
570 3527 698 3599 φήφισμά
710 3550 737 3582 τι
755 3533 808 3594 At,
827 3529 969 3602 φή......
988 3534 1070 3600 Νυκ,

105 3598 268 3649 obliteratum
281 3598 393 3649 restituit
405 3598 442 3649 N²
458 3599 484 3648 in
496 3614 585 3651 versus
598 3601 667 3651 exitu
682 3601 766 3665 spatio
778 3601 895 3666 largiore,
913 3597 1041 3670 ψήφισμα
1059 3602 1076 3654 Ἰ

105 3667 206 3718 seclusi.
229 3696 262 3705 -—
285 3667 311 3729 ὃ,
330 3669 345 3719 3
365 3669 426 3732 περὶ
451 3666 482 3718 cf.
504 3666 570 3718 [tem.
588 3667 673 3730 xvnl,
692 3671 740 3720 215
764 3698 797 3706 -
815 3661 908 3732 αάτῖμι
934 3686 997 3722 corr.
1016 3669 1074 3723 Bek'

105 3738 121 3786 4
138 3735 189 3800 μέν
207 3733 263 3785 add.
282 3733 383 3797 Reislm,
403 3750 451 3786 om.
472 3739 531 3785 ι-
549 3731 565 3799 ἡ
583 3732 667 3801 βουλὴ
685 3737 775 3788 abesse
793 3738 865 3788 malit
883 3737 965 3801 Blass‚
984 3738 1029 3789 sed
1047 3739 1071 3790 οί

104 3801 132 3864 ΙΙ,
152 3804 166 3853 6
186 3809 211 3853 et
223 3806 262 3854 10.
280 3829 313 3839 —
331 3798 423 3868 βουλή.
441 3802 463 3852 Α
482 3817 531 3853 una
550 3803 622 3854 litera
641 3819 719 3855 erasa.
739 3833 772 3842 —
791 3808 804 3855 7
824 3800 918 3868 αίτῖγεε
939 3821 1002 3857 corr.
1016 3805 1072 3905 Βελή

106 3872 120 3922 8
138 3866 212 3934 μέλει
230 3870 275 3921 ΝΑ
293 3884 342 3935 pr.:
368 3885 430 3922 corr.
449 3871 490 3920 Αἱ.
514 3899 546 3908 —-
569 3866 650 3935 αὐτῆς
667 3871 736 3935 ΑΝί,
760 3867 849 3924 αὐτοῖς
867 3872 919 3938 BL,
943 3868 1013 3946 αὐτῇ
1032 3874 1070 3947 Ba(

104 3937 131 4003 δ,
151 3939 165 3988 6
183 3931 300 4002 τάληθὲς
319 3937 399 3989 Blass.
419 3968 451 3976 —
471 3943 484 3990 7
504 3939 589 4006 ψυχῆς
607 3955 657 3992 om.
675 3939 706 4004 N,
726 3940 758 3991 ολ
777 3940 794 3990 G
814 3957 837 4006 p.
853 3945 883 3992 10
903 3956 960 3994 ann.

1072 3905 1073 3915 γ
1077 3896 1080 3912 ἰ

1072 3913 1086 3966 ,ι

1077 3942 1097 4077 „vvvy

1099 4107 1118 4208 ⁶:2⁹¹
1095 4072 1098 4086 Χ
1099 3981 1108 4020 “²“
