2324 4410
370 276 454 329 ΚΑΤΑ
471 272 721 328 ΔΗΜΟΣΘΕΝΟΥΣ.
1045 271 1084 328 15

18 438 148 528 άρατος
181 446 219 513 δὲ
249 440 333 512 καθ’
359 444 496 531 ἑκάστην
517 442 694 529 ’ἐκκλησίαν
722 441 891 528 γινόμενος
921 440 1085 527 ἐξεληλεγ-

17 549 102 626 κένος
128 549 223 633 δῶρα
245 547 328 615 κα·τά
350 551 407 635 τῆς
429 547 559 624 πόλεως
575 545 726 632 εἰληφώς,
751 544 963 630 ἐξηπατηκώς
980 544 1084 610 δὲκαὶ

17 646 65 716 τὸν
82 651 189 739 δῆμον
214 653 268 718 καί
284 650 342 740 τὴν
363 651 485 739 βουλὴν
506 649 598 732 παρὰ
619 649 677 734 τὴν
701 643 781 732 ἀρὰν
806 645 883 736 [καὶ]
909 646 1002 732 ἕτερα
1025 647 1084 728 μὲν

23 751 112 837 λέγων
144 754 240 838 ἕτερα
269 754 304 820 δέ
334 755 481 839 φρονῶν,
517 752 585 839 ἰδίην
615 752 651 817 δέ
680 748 967 835 συμβεβουλευκὼς
993 746 1085 832 Ἀρι-

28 856 141 944 οτάρχφ
165 855 276 934 δεινάς
306 854 361 922 καὶ
388 852 602 939 παρανόμους
630 853 834 940 συμβουλάς·Ι
868 845 949 918 ἀνθ’
973 845 1020 916 ῶν
1043 888 1085 898 -

17 959 108 1044 ,άπερ
138 960 210 1024 ἔστι
238 981 306 1023 που
337 958 447 1023 δικαία
476 952 618 1040 τιμωρία
646 954 729 1021 κατὰ
750 957 815 1019 τῶν
840 953 1000 1037 ἐπιόρκων
1030 950 1085 1018 καὶ

35 1063 183 1147 πονηρῶν,
215 1055 329 1144 ῶσπερ
356 1058 429 1126 ’ἐστι
451 1095 492 1107 -
516 1057 615 1124 δώσει
638 1059 726 1144 δίκην
751 1050 845 1133 οὗτος
869 1056 901 1122 έν
924 1058 964 1142 τῇ
986 1054 1084 1143 τήμε-

37 1186 76 1248 ρον
94 1159 208 1250 ἡμέρᾳ.
253 1155 421 1240 ἀκούσατε,
448 1158 562 1244 ἀνδρες
586 1162 747 1239 δικασταί,
770 1166 828 1247 τῆς
851 1155 944 1243 ἀρᾶς.

505 1299 591 1353 ΔΡΑ.

96 1429 189 1498 Ἀλλ’
216 1429 320 1515 ὅμως,
352 1431 467 1518 ἀνδρες
490 1434 656 1513 δικασταί,
685 1430 771 1501 ούτω
793 1439 1013 1522 Δημοσθένης
1035 1437 1081 1521 τῷ
1093 1443 1130 1505 48

38 1535 203 1621 ψεύδεσθαι
236 1535 290 1602 καὶ
317 1536 419 1622 μηδὲν
447 1537 534 1622 ύγιὲς
563 1538 667 1621 λέγειν
696 1538 836 1621 ἑτοίμως
863 1541 994 1622 χρῆται,
1029 1541 1083 1605 καὶ

36 1636 92 1706 ούτε
111 1638 263 1725 αἰσχύνης
292 1636 367 1705 οῦτε
396 1639 527 1723 ἐλέγχου
551 1637 625 1706 οάτε
648 1638 730 1724 ἀράς
754 1635 848 1706 οῦδὲν
871 1639 958 1730 αύτῷ
981 1644 1082 1724 μέλει,

37 1737 100 1807 ύοτο
119 1740 174 1807 καὶ
196 1743 273 1824 περί
297 1739 377 1822 έμοῦ
399 1740 556 1828 τολμήσει
579 1741 697 1825 λέγειν,
730 1737 775 1818 ῶς
798 1737 922 1820 ἀκούω,
953 1739 997 1820 ῶς
1019 1741 1084 1828 ἀρα

38 1840 120 1925 κάμοῦ
141 1847 285 1928 κατέγνω
307 1841 469 1925 πρότερον
492 1839 512 1931 ἡ
533 1843 644 1925 βουλή,
668 1845 723 1908 καὶ
746 1851 837 1908 ποιῶ
855 1844 989 1910 πάντων
1006 1843 1083 1911 ἀτο-

38 1943 182 2023 πώτατον,
213 1941 257 2022 ῶς
287 1939 382 2022 ούτύς
405 1968 498 2030 φησι,
522 1944 684 2031 πρότερον
706 1943 765 2027 μέν
789 1944 936 2011 έναντίον
959 1950 1000 2033 τῇ
1022 1951 1083 2032 τῆς

37 2047 131 2131 βουλῆς
167 2042 340 2132 ἀποφάσει
374 2040 485 2130 ἀγῶνα
514 2041 782 2131 ἀπολογούμενος
812 2044 895 2130 ύπὲρ
926 2048 1080 2130 ἐμαυτοῦ,

37 2150 86 2214 νυνὶ
106 2150 140 2216 δὲ
163 2152 349 2236 συνηγορῶν
373 2143 466 2236 αύτβ,
489 2157 676 2235 κατηγορῶν
698 2150 826 2230 τούτου,
850 2153 928 2235 περὶ
949 2153 1009 2237 τῆς
1030 2175 1082 2235 γε-

36 2256 184 2335 γενημένης
207 2249 430 2335 ἀποφάσεως·
460 2259 597 2335 πρᾶγμα
625 2252 872 2332 κατασκευάζων
895 2250 933 2319 ού
955 2276 1081 2339 γεγενη-
1092 2260 1130 2322 49

33 2356 118 2431 μένον,
141 2347 225 2418 ἀλλὰ
248 2351 441 2437 ψεύδεσθαι
463 2353 550 2437 πρὸς
572 2349 674 2436 ύμᾶς
695 2356 836 2437 τολμῶν.
873 2353 920 2421 ἵν’
946 2344 1002 2422 οάν
1026 2355 1082 2422 έάν

32 2449 75 2519 ἐπὶ
86 2457 199 2520 τοῦτον
215 2456 251 2543 ’ίργ
268 2455 326 2521 τὸν
341 2455 446 2538 λόγον,
471 2455 515 2543 μὴ
539 2455 739 2542 ἐπιτρέπητε
759 2452 856 2543 αύτῷ,
881 2451 958 2523 ἀλλ’
977 2458 1083 2547 εἰδῆτε

31 2550 153 2641 ἀκριβῶς
186 2553 238 2622 ὅτι
261 2551 332 2622 οὔτ’
359 2557 416 2639 ἐμὲ
440 2552 608 2644 ἀπέφηνεν
631 2554 651 2644 ἡ
673 2559 776 2648 βουλὴ
800 2553 870 2624 ούτ’
897 2560 1082 2645 ἐμέλλησεν,

17 2648 175 2746 ἰἠδικήθην
207 2660 242 2725 δέ
273 2653 333 2745 ἀφ’
359 2658 432 2737 ἑνὸς
460 2653 644 2742 ἀνθρώπου
667 2667 816 2747 πονηροῦ
838 2659 892 2726 καὶ
915 2662 1005 2748 δίκην
1030 2663 1082 2728 δε-

29 2758 154 2839 δωκότος
183 2755 266 2843 παρ’
292 2755 383 2842 ύμῖν,
419 2760 581 2829 ἀκούσατέ
613 2784 676 2843 μου
710 2767 849 2844 βραχέα·
885 2762 993 2829 ἔπειτ’
1025 2764 1083 2830 ἐπὶ

27 2863 126 2928 τοῦτον
148 2862 250 2929 πάλιν
272 2864 463 2946 βαδιοῦμαι.

92 2957 232 3052 Ἀνάγκη
255 2966 313 3050 τὴν
334 2965 465 3053 βουλήν,
490 2950 519 3031 ῶ
541 2965 665 3051 ἀνδρες,
689 2965 749 3054 τὴν
769 2964 803 3044 ἐξ
819 2961 949 3052 Ἀρείου
972 2968 1081 3054 πάγου
1092 2977 1130 3037 50

17 3066 97 3159 Ικατὰ
118 3065 176 3134 δύο
199 3067 344 3150 τρόπους
367 3074 534 3134 ποεῖσθαι
555 3068 615 3146 τὰς
632 3062 824 3154 ἀποφάσεις
840 3068 960 3148 πάσας.
990 3077 1082 3150 τίνας

17 3167 163 3257 ξτούτουςς
198 3167 271 3256 ἤτοι
294 3168 393 3257 αὐτὴν
417 3171 640 3257 προελομένην
668 3173 723 3236 καὶ
747 3170 947 3259 ζητήσασαν,
981 3168 1003 3259 ἢ
1023 3178 1083 3240 τοῦ

17 3260 114 3357 ’έημου
138 3271 386 3355 προστάξαντος
409 3269 503 3360 αὐτῇ.
537 3275 638 3358 χωρίς
655 3271 781 3339 τούτων
798 3269 855 3340 ούκ
871 3276 959 3341 έστιν
977 3271 1080 3342 ὅντιν’

17 3360 63 3457 ,ἀν
80 3373 204 3456 τρόπον
228 3373 408 3461 ποιήσειεν.
455 3374 484 3441 εἰ
505 3373 564 3459 μέν
592 3381 701 3441 τοίνυν
730 3375 811 3463 φῄς,
840 3365 866 3442 ῶ
892 3377 1012 3464 μιαρὸν
1043 3378 1081 3445 σύ

79 3546 94 3597 3
110 3541 254 3614 γενόμενος
271 3544 316 3596 ΝΑ
335 3560 381 3611 pr„
400 3561 464 3599 corr.
477 3545 519 3597 Αἱ.
536 3575 571 3585 -
589 3550 605 3599 4
621 3546 704 3615 (μὲν)
722 3543 800 3618 δῶρα
817 3546 891 3600 Blass
908 3576 942 3584 -
959 3552 1004 3599 καὶ
1023 3554 1082 3601 ante

21 3603 63 3662 τάν
80 3626 276 3730 suptra'vgrsum
294 3614 336 3665 Αἱ.
361 3642 394 3650 --
419 3618 434 3667 5
455 3616 501 3664 καὶ
522 3614 674 3732 seclusi.N—
693 3620 707 3667 ’ί
727 3611 817 3667 δεινὰν
833 3615 877 3714 Af,
898 3611 986 3668 ἰδίαεΐ
1004 3616 1026 3667 Α
1045 3634 1082 3684 pr.

17 3683 97 3815 ολ),
111 3681 300 3800 ῐιῖῖβὶῖλι
314 3711 352 3788 ἰ
365 3682 801 3816 ξολλβμῑ,·;ιπβὲοῗοῖ·
815 3682 863 3817 λκ
876 3681 1082 3806 ῑιλλῗλίλῑ

17 3803 82 3872 Turr.
100 3845 133 3854 -
153 3817 167 3867 3
186 3816 359 3884 ἐπιτρέποιτε
376 3818 406 3869 Α.
425 3846 458 3855 -
477 3820 494 3869 4
511 3815 640 3885 ἐμέλησεν
656 3818 710 3871 ΑΝ.
729 3848 762 3856 -
781 3823 796 3871 6
814 3822 927 3904 βραχεῖα
943 3821 1024 3889 Apu,
1043 3837 1082 3872 ra·

17 3889 67 3937 Bura
85 3900 149 3937 corr.
167 3911 201 3922 —
219 3884 264 3949 50,
283 3888 298 3938 3
320 3882 517 3954 προελομένην,
542 3882 558 3949 ἢ
576 3882 733 3952 ζητήσασαν
751 3887 798 3939 τοῦ
814 3882 898 3955 ἀημου
915 3887 1013 3956 Kleyn,
1037 3888 1083 3942 sed

17 3944 80 4073 {sthi
100 3956 142 4032 55..
166 3955 240 4071 de4
263 3945 360 4005 ύντινα
378 3971 435 4023 τρ.;
460 3970 523 4008 corr.
542 3953 613 4018 Tur„
638 3946 736 4006 ύντινα
759 3952 864 4023 τρύπον
887 3951 1028 4021 ποιήσαιτ’
1048 3951 1084 4009 ἀν

30 4029 44 4069 e
81 4034 154 4073 erm
230 4056 237 4071 .
