2324 4410
384 237 468 291 ΚλΤλ
488 235 738 292 ΔΗΜΟΣΘΕΝΟΥΣ.
1080 237 1098 294 9
1156 236 1159 242 '

38 402 82 471 καί
108 419 177 485 τοῖς
205 410 305 484 θεοῖς
334 407 394 485 τὰς
420 405 561 483 ἐλπίδας
583 413 641 493 τῆς
664 402 828 489 σωτηρίας
851 405 945 487 ἐχετε.
989 403 1099 487 μόνως
1109 413 1149 473 27

10 535 13 545 ·
43 508 89 594 γὰρ
112 505 224 588 ούτως,
248 506 364 593 ἄνδρες
382 503 573 595 Ἀθηναῖοι,
595 507 705 591 μόνως
726 506 871 585 καὶτοὺς
887 504 1006 584 άλλους
1022 531 1099 575 ποι-

10 624 14 642 ’
47 610 122 700 η’σετε
142 612 307 696 βελτίους,
339 608 394 677 έάν
422 609 498 688 τοὺς
528 607 679 689 ἐνδόξους
708 617 773 676 τῶν
797 611 950 695 πονηρῶν
974 609 1100 694 ἐξελέγ-

10 709 17 767 ῑῖ
50 716 140 795 ξοντες
154 712 315 800 κολάσητε
337 721 415 779 τιῦν
439 707 705 798 άδικημάτων
729 706 838 792 άξίως.
870 710 945 789 τούς
960 713 1021 794 μὲν
1036 712 1098 796 γάρ

10 828 20 870 '¹'
51 817 181 900 τυχόντας
202 820 270 882 τῶν
292 821 500 899 κρινομένων,
525 811 602 881 όταν
626 811 760 894 ἁλῶσιν,
784 812 891 891 οὐδεὶς
914 807 1002 880 οἶδεν
1021 811 1098 880 ούδέ

14 951 19 960 ·
54 920 122 1005 ζητεῖ
141 923 320 986 πυθέσθαι
342 925 375 985 τί
397 917 610 984 πεπόνθασι·
640 918 717 995 τούς
742 911 776 981 δ’
803 915 953 996 ἐνδόξους
975 914 1098 995 πάντες

55 1018 272 1098 πυνθάνονται,
302 1023 354 1087 καὶ
384 1019 461 1098 τούς
491 1019 682 1100 δικάζοντας
712 1019 921 1100 ἐπαινοῦσιν,
952 1015 1029 1085 όταν
1058 1015 1097 1083 τὸ

10 2264 21 2314 32
50 2244 185 2313 οθύσατσ
208 2261 280 2325 τοῖς
302 2244 385 2329 μετά
397 2241 623 2334 Ἀντιπάτρου
647 2243 738 2332 δεῦρ’
757 2248 923 2328 ἐλθοῦσιν,
947 2242 1095 2332 ἀναλαμ-

17 2344 20 2360 ’
47 2345 134 2430 βόνων
155 2342 276 2426 αύτούς
298 2347 352 2414 καὶ
375 2347 413 2414 τὸ
436 2348 622 2416 κολακεύειν
645 2348 722 2428 τούς
742 2350 940 2429 Μακεδόνας
962 2354 1096 2437 πρῶτος

10 2469 13 2491 ³
46 2447 79 2527 είς
95 2449 148 2540 τὴν
171 2450 272 2517 πόλιν
297 2449 447 2535 εἰσάγων.
492 2449 535 2538 μη
560 2450 676 2540 ἀφῆτε,
700 2450 815 2536 ἄνδρες
833 2446 1025 2538 Ἀθηναῖοι,
1048 2453 1092 2541 μη
1104 2464 1144 2525 29

10 2550 23 2610 ί
44 2547 129 2640 ίηῆιε
150 2552 207 2620 τὸν
229 2552 285 2620 ἐπὶ
309 2558 380 2632 τοῖς
403 2556 459 2642 τῖγς
481 2554 613 2632 πόλεως
634 2557 768 2620 καὶτῶν
785 2552 1065 2643 άλλωνἙλληνων
1088 2560 1093 2644 Ι

10 2677 16 2708 ι
43 2645 224 2743 ότυχήμασιν
249 2655 526 2741 ἐπιγεγραμμένον
559 2655 766 2742 ἀτιμώρητον
774 2707 783 2736 ,
819 2657 1011 2742 εἰλημμένον
1035 2654 1091 2726 ἐπ’
1115 2675 1144 2725 94

10 2778 21 2815 ν
43 2751 210 2844 αὐτοφώρῳ
235 2758 326 2840 δῶρα
350 2758 463 2840 έχοντα
484 2757 568 2823 κατὰ
590 2760 649 2843 τῆς
671 2757 812 2838 πόλεως,
835 2759 919 2843 μηδὲ
941 2762 999 2846 τῆς
1015 2754 1095 2844 άγα-

10 2861 19 2918 λ
42 2861 93 2944 θέης
111 2859 206 2946 τύχης
228 2857 317 2946 ἡμᾶς
339 2859 396 2928 ἐπί
419 2861 457 2925 τδ
479 2860 609 2944 βέλτιον
634 2857 784 2945 ἀγούσης,
808 2862 861 2927 καὶ
877 2859 934 2926 τόν
949 2863 1008 2944 μὲν
1026 2862 1095 2929 ἐτε-

10 2969 19 3032 ’ς
41 2979 85 3040 ρον
103 2968 166 3027 τῶν
189 2960 248 3048 την
270 2963 418 3047 πατρίδα
441 2963 692 3045 λελυμασμένων
717 2961 751 3030 ἐκ
773 2965 830 3046 τίς
852 2962 983 3040 πόλεως
1005 2963 1095 3046 ἐκβε-

39 3059 192 3147 βληκυίας,
218 3067 336 3131 τοῦτον
361 3063 395 3129 δ’
420 3061 497 3148 ύμῖν
521 3058 717 3132 άποκτεῖναι
739 3065 967 3151 παραδούσης,
999 3063 1093 3132 αύτοί

39 3170 96 3242 τοῖς
115 3169 202 3233 πᾶσι
224 3171 448 3253 συμφέρουσιν
471 3166 703 3254 ἐναντιωθῆτε,
727 3162 811 3235 άλλά
826 3175 1094 3250 μετοιωνίσασθε

38 3259 85 3342 τάς
102 3270 160 3354 τῆς
182 3267 316 3346 πόλεως
338 3267 490 3352 πράξεις,
527 3269 573 3346 εἷς
596 3269 731 3348 τούτους
754 3270 830 3348 τοὺς
853 3268 1013 3354 ἡγεμόνας
1034 3271 1094 3348 τὰς

10 3355 154 3481 Ξότυχίας
186 3377 377 3456 τρέψαντες.
425 3371 471 3449 εἰς
504 3375 605 3438 ποῖον
634 3372 694 3456 γάρ
725 3371 838 3455 καιρὸν
868 3371 1092 3460 ἀποθήσεσθε
1103 3379 1142 3440 30

10 3528 13 3547 η
36 3518 224 3536 *⁴·-—-—-.—

37 3693 44 3716 ‚
87 3638 129 3704 λλ,
148 3645 163 3695 2
183 3631 206 3693 ὦ
224 3638 319 3710 ἄνδρες
336 3644 381 3706 At,
407 3639 511 3712 ἅνδρ..
529 3641 552 3693 Ν
569 3659 617 3710 pr„
639 3639 734 3712 ἄνδρες
752 3645 794 3697 N2.
812 3673 846 3682 -
864 3647 881 3696 4
898 3644 945 3709 τῆς
962 3650 1093 3714 πονηρίας

31 3700 104 3764 “elme
119 3711 161 3777 At,
180 3710 243 3762 etc
262 3726 286 3776 p.
301 3715 323 3762 7.
341 3740 374 3748 —
394 3715 409 3764 9
427 3713 466 3762 tit.
484 3707 612 3779 ψήφισμα
629 3718 690 3778 post
709 3715 848 3780 Θηβαίων,
869 3718 1015 3782 μαρτυρίαι
1033 3716 1093 3780 post

28 3781 168 3847 μαρτυρίαν
186 3778 335 3830 εοΙΙοσεοδε
354 3785 442 3831 censet
459 3779 582 3832 Schmidt.
600 3809 633 3818 —
652 3779 725 3845 28,3
745 3777 891 3834 ,ἰννιαλὲσατ
907 3782 988 3847 Αρκ,
1006 3796 1092 3833 rasura

10 3848 86 3921 ¹oon.
102 3874 134 3885 —
154 3849 168 3898 5
187 3843 404 3931 συνανελογεῖτοε
424 3848 588 3900 eorr.Wurm
606 3864 636 3900 ex
654 3850 746 3903 Aesch.
765 3850 803 3912 Ill,
816 3852 857 3911 62,
876 3846 1092 3920 συνωμολογεῖτο

10 3900 123 3980 ιδαορρε
140 3917 158 3966 t.
178 3945 209 3953 -
229 3919 243 3967 7
262 3933 313 3981 μετ
339 3920 356 3966 t.
375 3915 498 3980 -29,1
520 3905 654 3986 ούᾶνδρετ
665 3917 707 3969 At.
724 3947 759 3956 -
777 3920 792 3970 2
810 3920 866 3969 τοῖο
877 3918 904 3968 in
915 3932 1003 3969 rasura
1016 3933 1094 3985 supra

25 3981 121 4032 versum
138 3982 181 4037 N¹.
200 4013 232 4021 -
251 3987 266 4035 5
285 3978 351 4051 ύμῖιτ
369 3982 472 4052 Sauppe
490 3987 509 4038 t.
528 4013 562 4024 -—
581 3988 611 4037 10
630 3979 777 4049 ἆποτυχίασ
794 3989 812 4050 t,
831 3986 894 4038 ολδ
913 4002 937 4052 p.
951 3988 975 4039 3.
