2324 4410
365 264 450 317 xm
467 261 719 319 εσκοεθευοετ.
855 252 858 257 ’
950 308 951 313 ,
1040 262 1081 326 27

23 433 115 514 ῆφον
153 429 307 516 ἐνεγκεῖν.
358 428 466 519 κρίσει
499 433 672 500 Ποσειδῶν
706 428 881 513 ἀποτυχών
914 433 960 518 τῇ
993 429 1099 518 ύπὲρξ

23 528 216 615 ίλιρροθίου
253 533 339 619 πρὸς
359 533 444 621 ’Ἀρη
475 539 641 621 γενομένῃ
671 532 849 615 ένέμεινεν·
879 531 1082 622 <ένέμειναυ>

29 630 120 702 ύταλ
150 637 187 703 αἱ
201 635 333 721 ’σεμναὶ
361 637 442 703 θεαὶ
472 644 513 724 τῇ
541 635 626 721 πρὸς
653 633 805 721 Ὀρέστην
838 633 871 701 ἓν
899 633 1005 722 τούτῳ
1034 639 1082 724 τῷ

23 738 163 825 ὐνεδρίῳ
186 746 293 824 κρίσει
313 738 486 825 γενομένῃ,
516 742 570 805 καί
600 740 639 824 τῇ
660 737 779 804 τούτου
803 731 945 824 ἀληθείᾳ
968 745 1080 805 συνοί-

23 862 79 917 ιους
102 840 222 919 ἑαυτὰς
250 840 297 919 εἷς
319 840 375 907 τὸν
398 837 518 906 λοιπόν
540 839 655 923 χρόνον
678 844 889 925 κατέστησαν.
926 836 1020 922 ύμεῒς
1042 840 1079 907 δὲ

23 947 42 1008 τί
67 941 225 1032 ποιήσετε
252 943 285 1009 οἱ
313 942 448 1009 πάντων
477 936 563 1010 εἶναι
585 938 767 1028 φάσκοντες
791 935 1078 1024 εόσεβέστατοιχ

23 1045 64 1133 τήν
91 1047 150 1111 τού
179 1041 350 1129 συνεδρίου
379 1052 518 1129 γνῶσιν
547 1043 666 1126 ἄκυρον
696 1042 919 1129 καταστήσετε
945 1051 985 1130 τῇ
1007 1048 1079 1130 Δη-

23 1153 191 1231 μοσθένους
214 1146 546 1235 ἐπακολουθήσαντες
568 1152 731 1233 πονηρίας
765 1143 831 1225 ούκ,
863 1145 919 1211 έάν
942 1169 1079 1230 σωφρο-

24 1252 93 1335 νήτε,
129 1237 155 1315 ὦ
182 1247 380 1335 Ἀθηναῖοι·
422 1247 460 1315 ού
488 1248 549 1334 γάρ
580 1250 658 1335 περὶ
685 1250 808 1332 μικρῶν
833 1241 909 1315 ούδέ
933 1249 996 1313 τῶν
1019 1251 1099 1314 τυ-ξ

25 1350 125 1435 χόντων
148 1351 184 1419 ἐν
206 1359 247 1438 τῇ
264 1351 406 1438 τήμερον
421 1348 525 1437 ήμέρφ
542 1349 695 1430 δικάζετε,
720 1345 804 1416 ἀλλὰ
819 1351 895 1432 περὶ
912 1356 1076 1435 σωτηρίας

25 1456 66 1541 τῆς
86 1452 216 1532 πόλεως
244 1452 377 1540 ἀπάσης
404 1455 457 1519 καὶ
487 1453 573 1539 πρὸς
601 1453 732 1531 τούτοις
757 1454 834 1535 περὶ
862 1453 1072 1538 δωροδοκίας,

25 1555 106 1634 ἔθους
126 1559 274 1642 πονηροῦ
296 1558 351 1621 καί
373 1555 567 1641 πράγματος
589 1555 803 1633 ἀλυσιτελοῦς
817 1553 894 1638 ύμῖν
918 1556 975 1621 καὶ
990 1553 1074 1620 πάν·

24 1682 65 1735 τις
79 1656 279 1742 ἀνθρώπους
295 1654 557 1735 ἀπολωλεκότος.
588 1655 643 1745 <δ>
666 1657 695 1724 εἷ
715 1658 774 1739 μέν
797 1652 879 1722 καθ’
898 1653 978 1722 ὅσον
1000 1656 1074 1722 ἐστὲ

26 1759 134 1826 δυνατοί
151 1760 317 1845 ἒκβαλεῖτε
339 1759 373 1827 έκ
387 1765 445 1848 τῆς
460 1759 590 1838 πόλεως
612 1760 667 1827 καὶ
686 1759 831 1825 παύσετε
851 1756 929 1836 τούς
951 1759 1074 1846 ῥᾳδίως

24 1858 84 1927 καθ’
101 1858 193 1946 ἀμῶν
209 1862 360 1950 χρήματα
378 1860 615 1948 λαμβάνοντας,
639 1861 870 1947 σωθησόμεθα
888 1863 978 1926 θεῶν
993 1867 1073 1946 βου-

23 1964 161 2045 λομένων·
186 1964 215 2032 εἰ
235 1962 267 2030 δ’
285 1962 484 2050 ἐπιτρέψετε
504 1973 577 2043 τοῖς
599 1961 736 2051 ῥήτορσι
758 1962 884 2029 πωλεῖν
906 1957 991 2045 ύμάς
1013 1959 1072 2027 αό-

23 2064 85 2144 ιούς,
108 2065 322 2151 περιόψεσθε
343 2067 401 2151 τὴν
424 2065 523 2133 πόλιν
547 2060 793 2151 ἀνατραπεῖσαν
816 2061 884 2131 ἀπὸ
906 2063 1041 2131 τούτων.

61 2165 239 2254 ’Ἔγραψεν
267 2164 365 2247 αύτὸς
393 2168 427 2235 έν
454 2175 502 2254 τῷ
531 2168 623 2255 δήμῳ
646 2171 880 2254 Δημοσθένης,
905 2163 950 2244 τός
973 2165 1099 2251 δηλο-8

23 2267 73 2335 νότι
94 2271 221 2337 δικαίου
243 2273 303 2337 τού
325 2268 520 2355 πράγματος
539 2268 643 2350 ὄντος,
668 2269 845 2357 φυλάττειν
863 2263 1069 2354 Ἀλεξάνδρῳ

23 2368 49 2435 τό
72 2371 116 2450 εἰς
144 2372 202 2461 τήν
221 2371 372 2459 Ἀττικὴν
401 2367 586 2459 ἀφικόμενα
611 2370 696 2457 μετὰ
714 2368 887 2456 Ἁρπάλου
907 2371 1070 2458 χρήματα.

23 2467 104 2551 νύτως
129 2459 196 2553 ούν,
227 2459 407 2559 άάριστε,
440 2475 515 2542 εἰπέ
536 2498 610 2557 μοι,
642 2472 839 2560 φυλάξομεν,
869 2473 925 2541 ἐὰν
948 2473 988 2540 οὐ
1010 2472 1069 2556 μέν

23 2574 104 2642 ι’ίκοοι
125 2576 269 2643 τάλαντα
293 2577 401 2660 λαβὼν
424 2580 497 2664 έχῃς
520 2574 605 2666 ἰδίη,
636 2578 744 2660 ἕτερος
767 2578 804 2645 δέ
826 2576 1068 2655 πεντεκαίδεκα,

23 2679 155 2766 ίημόδης
178 2680 214 2746 δὲ
232 2678 471 2764 ἑξακισχιλίους
483 2682 606 2764 χρυσοῦ
622 2683 793 2762 στατύρας,
819 2679 923 2762 έτεροι
947 2680 983 2745 δέ
1005 2675 1069 2744 όοα

23 2779 45 2862 λή
69 2805 150 2849 ποτε
179 2776 461 2868 ἀποπεφασμένοι
484 2782 568 2865 εἰσί,·
607 2781 806 2849 διακόσια
833 2781 894 2868 γὰρ
924 2779 1069 2849 τάλαντά

23 2877 72 2948 ἔστι
98 2886 152 2951 καὶ
180 2884 334 2969 ἑξήκοντα
361 2882 422 2971 ήδη
453 2881 628 2970 εύρημένα,
659 2877 705 2950 ὦν
734 2885 850 2951 οἴεσθε
879 2882 984 2974 (δεῖν)
1009 2882 1067 2952 τόν

23 2982 107 3051 αἰτίαν
134 2988 302 3053 τουτοισὶν
330 2985 518 3054 ἀναθεῖναι.
568 2986 622 3052 καὶ
658 2986 785 3070 πότερα
818 2985 950 3053 κάλλιόν
985 2988 1097 3070 έστι,9

23 3085 83 3168 τρὸς
112 3087 149 3156 δέ
178 3087 397 3174 δικαιότερον,
427 3082 551 3155 ἅπαντ’
576 3086 610 3155 έν
635 3090 682 3175 τῷ
704 3094 804 3176 κοινῷ
826 3087 1065 3173 φυλάττεσθαι,

23 3185 64 3265 ’ως
83 3188 121 3256 ἀν
144 3215 177 3277 τι
199 3191 326 3257 δίκαιον
350 3188 368 3255 ό
392 3191 495 3277 δήμος
516 3189 749 3276 βουλεύσηται,
779 3183 801 3276 ἢ
828 3189 906 3268 τούς
927 3191 1068 3280 ῥήτορας

23 3291 53 3355 αί
77 3294 144 3356 τῶν
173 3300 360 3379 στρατηγῶν
392 3291 501 3370 ένίους
527 3291 751 3378 διηρπακότας
781 3294 882 3376 ἔχεως
917 3291 979 3379 έγαλ
1007 3293 1067 3377 μέν

23 3410 202 3424 ἓ.-

64 3462 106 3526 87,
127 3467 150 3518 1.
167 3466 183 3515 2
205 3463 251 3528 τῆε
346 3467 472 3531 ευομίυηε
489 3463 535 3515 ΝΑ
553 3480 604 3532 γε,
626 3467 682 3516 τοῖς
759 3466 913 3534 γενομένοις
929 3464 977 3515 A2:
1003 3481 1066 3518 corr.

23 3526 98 3581 *ekker
115 3560 148 3568 —
166 3532 309 3598 ίυίμειυαν
327 3483 376 3584 (ic.
395 3532 452 3585 add.
464 3531 576 3599 Sauppe,
595 3548 645 3585 om.
657 3539 675 3598 t,
693 3537 753 3599 post
770 3535 787 3584 4
797 3535 928 3603 γενομένῃ
945 3532 1004 3584 addi
1022 3548 1067 3584 vo-

23 3602 79 3648 ιετεί
96 3598 198 3651 Reiske.
220 3628 254 3638 -
272 3602 287 3652 3
307 3586 388 3652 αὗται
406 3600 452 3652 ΝΑ
470 3616 520 3667 pn:
545 3616 609 3652 corr.
626 3599 668 3653 A2.
686 3629 720 3638 -
738 3601 754 3650 6
772 3596 955 3669 εὐσεβέστεροι
972 3600 1014 3653 Δί.
1033 3630 1067 3639 -

32 3662 144 3732 γνώμην
160 3669 195 3719 At
212 3696 246 3706 -
262 3664 448 3733 κατεστήσατε
464 3669 486 3719 Α
505 3683 552 3733 pr„
571 3683 633 3720 corr.
652 3667 695 3719 A².
713 3696 746 3706 -
765 3668 810 3731 88,
829 3671 844 3719 5
862 3662 879 3719 ό
895 3669 952 3722 add.
963 3667 1067 3734 Reiske,

23 3743 48 3785 m.
65 3740 76 3786 t
93 3763 124 3772 -
143 3736 207 3787 ἐστ.
232 3734 254 3786 Ν
272 3752 322 3803 φα,
347 3752 411 3789 corr.
429 3736 474 3788 N'.
490 3765 524 3775 —
543 3739 558 3789 8
576 3730 642 3802 ἡμᾶς
660 3735 690 3788 Ν.
708 3765 741 3773 -
760 3736 805 3800 89,
823 3739 840 3788 4
857 3733 1019 3803 φυλάξωμεν
1036 3736 1067 3791 N.

23 3825 32 3836 ·
49 3805 64 3855 5
81 3798 139 3855 ἰ’δια
158 3803 187 3855 Α.
204 3831 239 3841 -
258 3809 272 3856 7
291 3800 455 3884 τετρακόσια
472 3804 519 3855 ΝΑ
536 3820 587 3871 φα,
604 3806 724 3871 τέτταρα
740 3804 799 3867 Mt,
817 3801 961 3870 τριακόσια
979 3804 1067 3858 Blass:

23 3880 97 3923 εωεο
110 3871 206 3922 mutavi
223 3901 257 3910 -
273 3869 325 3940 γὰρ
344 3889 369 3925 1n
388 3888 475 3925 rasura
487 3874 530 3926 Αἱ.
548 3902 581 3911 -
599 3873 614 3924 8
631 3866 683 3938 ἤδη
701 3865 834 3942 εὑρημένα
851 3878 968 3940 corrupta
981 3879 1070 3927 censet

23 3933 69 4021 λεχεε
87 3934 203 4058 ῖΒδεῖεχι
214 3939 271 3992 add.
289 3940 392 4007 Reiske,
415 3957 466 3996 οω.
484 3945 503 3994 t.
526 3971 560 3981 -
582 3939 629 4003 90,
648 3941 663 3992 2
685 3939 752 4009 πρὸε
770 3937 801 3992 δε
816 3939 896 4010 (καὶ)
914 3941 1016 3996 Reiske.
1034 3971 1070 3984 -

29 4025 64 4058 αν
81 4025 98 4058 τ
148 4021 185 4059 em
205 4023 228 4063 e.
