2324 4410
379 262 462 315 ΚΑΤΑ
480 261 733 316 ΔΗΜΟΣΘΕΝΟΥΣ.
1056 263 1096 322 17

43 437 87 513 τύς
106 432 242 508 ίλπίδας
266 432 376 514 έχουσί
397 457 492 511 τινες,
517 429 575 499 ἔπ’
593 426 779 518 αὐτοφώρῳ
801 429 950 520 χρήματα
969 431 1095 516 λαμβά-
1107 445 1147 506 54

44 564 91 606 νων
110 535 273 621 εἴληπται,
297 541 354 598 νῦν
376 535 418 600 τὰ
440 535 564 615 νόμιμα
585 531 741 600 τάκεῖθεν
763 533 818 601 καὶ
840 534 883 599 τά
906 536 1017 600 δίκαια
1039 537 1092 600 καὶ

43 637 152 723 τάληθῆ
175 632 401 718 ἀσθενέστερα
430 635 600 725 γενήσεται
622 643 688 701 τιῦν
711 640 953 721 Δημοσθένους
977 636 1092 720 λόγων,

41 745 80 808 καί
99 738 221 820 ἰσχύσει
243 740 368 820 μᾶλλον
390 740 448 825 τής
471 736 633 824 ἀληθείας
655 733 675 824 ή
700 735 793 821 παρὰ
807 737 926 804 τούτου
945 727 1095 825 ῥηθήσο-

42 850 101 928 μένη
129 841 211 907 κατὰ
239 848 299 905 τοῦ
328 841 501 921 συνεδρίου
531 840 686 925 διαβολή,
723 836 768 918 ὥς
804 838 868 922 ἀρα
899 840 1044 918 πολλούς
1074 839 1094 926 ή

41 945 121 1032 βουλή
146 937 384 1028 ἀποπέφαγκεν
408 938 532 1009 ἀδικεῖν
553 943 612 1008 τόν
629 945 743 1031 δήμον,
768 946 802 1009 οἳ
817 941 1095 1028 ἀποπεφεύγασιν

41 1044 229 1123 εἰσελθόντες
251 1044 298 1121 εἰς
320 1044 358 1108 τδ
382 1045 603 1132 δικαστήριον,
626 1041 713 1132 καλή
736 1044 839 1131 βουλή
864 1041 921 1113 ἀπ’
940 1044 1034 1111 ένίων
1056 1044 1094 1111 τδ

41 1155 174 1230 πέμπτον
202 1151 301 1228 μέρος
330 1138 367 1210 ού
398 1144 576 1231 μετείληφε
597 1153 663 1210 τών
686 1145 831 1232 ψήφων,·
863 1154 962 1213 τοῦτο
992 1145 1029 1213 δὲ
1058 1143 1095 1212 ὃν

40 1249 145 1333 τρόπον
168 1254 304 1334 γίνεται,
328 1249 451 1335 ῥηιδίως
475 1243 619 1325 ἀπαντες
641 1248 852 1333 μαθήσεσθε.
889 1244 1043 1335 ήβουλή,
1068 1236 1147 1322 ιῗι55

40 1351 145 1435 ἀνδρες,
170 1352 258 1435 ζητεῖ
278 1350 319 1415 τὰ
343 1355 599 1432 προσταχθέντα
621 1345 682 1436 ἀφ’
707 1347 798 1430 ύμών
823 1348 879 1416 καί
903 1350 944 1416 τά
966 1374 1095 1435 γεγενη-

40 1455 104 1538 μένα
126 1448 210 1537 παρ’
230 1450 344 1530 αύτοῖς
367 1449 552 1541 ἀδικήματα
576 1451 634 1534 ούχ
650 1449 695 1530 ώς
710 1449 804 1535 ὑμεῖς
826 1489 869 1501 -
890 1459 947 1519 καί
968 1476 1026 1534 μοι
1048 1451 1093 1540 μή

41 1553 203 1644 όργισθήτε
224 1593 266 1603 -
289 1553 430 1634 δικάζειν
455 1556 559 1621 ένίοτε
574 1556 723 1632 εἴθισθε,
746 1562 789 1644 τῇ
805 1554 975 1641 συγγνώμῃ
992 1556 1094 1620 πλέον

40 1651 111 1746 ήτηῖ
133 1654 249 1743 δικαίῳ
272 1655 510 1737 ἀπονέμοντες,
542 1653 616 1721 ἀλλ’
642 1653 759 1734 ἀπλώς
787 1658 844 1722 τὸν
875 1657 986 1738 ένοχον
1016 1655 1095 1722 ὄντα

38 1764 95 1838 τοῖς
109 1757 316 1844 ζητουμένοις
335 1754 554 1845 (ἀποφαίνει)
576 1761 629 1824 καὶ
646 1759 703 1823 τόν
721 1756 900 1823 δποιονούν
916 1758 1093 1846 ἠδικηκότα

10 1904 13 1917 ·
40 1862 70 1927 τὰ
88 1862 219 1943 πάτρια,
252 1861 431 1943 νομίζουσα
453 1860 510 1925 τόν
535 1862 567 1926 έν
590 1866 662 1938 τοῖς
683 1870 814 1942 μικροῖς
837 1860 1093 1943 συνεθιζόμενον

39 1961 154 2040 ἀδικεῖν,
183 1971 300 2029 τούτου
332 1964 373 2028 τά
399 1963 524 2047 μεγάλα
546 1971 611 2030 τών
634 1957 844 2047 ἀδικημάτων
869 1958 1092 2045 εύχερέστερον

40 2066 277 2149 προσδέξεσθαι.
302 2064 420 2148 διόπερ
443 2065 500 2130 τόν
523 2064 606 2148 παρ’
625 2060 732 2130 αύτιῦν
755 2063 1031 2151 ἀποστερήσαντα
1053 2064 1091 2128 τδ
1103 2072 1143 2134 56

40 2169 138 2234 ναῦλον
160 2167 217 2233 τόν
240 2172 400 2250 πορθμέα
422 2165 615 2252 ζημιώσασα
633 2169 719 2252 πρός
735 2162 819 2249 ὑμᾶς
836 2163 1002 2253 ἀπέφηνε·
1025 2163 1094 2232 πά-

39 2269 77 2333 λιν
96 2269 150 2335 τδν
172 2269 232 2356 τήν
255 2270 515 2354 πεντεδραχμίαν
535 2267 593 2335 έπὶ
614 2276 661 2354 τῷ
681 2276 741 2334 τοῦ
762 2268 807 2358 μή
831 2267 997 2353 παρόντος
1020 2265 1094 2333 δνό-

36 2395 100 2450 ματι
121 2371 233 2454 λαβεῖν
257 2366 454 2450 ἀξιώσαντα,
477 2373 531 2436 καὶ
551 2378 668 2436 τοῦτον
683 2368 761 2453 ύμῖν
779 2369 942 2456 ἀπέφηνε,
966 2368 1093 2436 καὶτὸν

34 2471 81 2560 τήν
100 2474 216 2558 μερίδα
238 2471 295 2560 τήν
323 2471 359 2551 ἐξ
376 2471 506 2556 Ἀρείου
529 2471 638 2557 πάγου
661 2473 871 2555 τολμήσαντα
894 2469 1093 2544 ἀποδόσθαι

10 2616 12 2627 ·
36 2573 112 2660 παρὰ
139 2575 180 2641 τὰ
208 2574 331 2658 νόμιμα
360 2573 418 2640 τόν
448 2573 548 2640 αύτδν
577 2574 704 2656 τρόπον
734 2574 927 2660 ζημιώσασα
951 2573 1091 2658 ἐξέβαλε.

34 2676 155 2754 τούτους
184 2673 277 2761 ὑμεῖς
307 2683 472 2761 κρίναντες
501 2675 650 2766 ἀφήκατε
675 2671 713 2742 σύ
735 2684 795 2762 τῆς
818 2675 854 2755 ἕξ
870 2675 1002 2759 Ἀρείου
1025 2675 1091 2742 πό·
1102 2686 1142 2747 57

33 2802 81 2861 γου
94 2783 213 2869 βουλῆς
226 2779 523 2863 καταγινώσκοντες
538 2779 738 2859 ψεύδεσθαι,
763 2777 847 2844 ἀλλὰ
863 2780 902 2863 τῇ
919 2777 1090 2864 συγγνώμη

34 2881 143 2960 μᾶλλον
165 2875 187 2970 ή
208 2887 255 2968 τῷ
275 2882 391 2967 δικαίῳ
407 2880 646 2963 προσθέμενοι,
670 2879 725 2946 καὶ
739 2880 798 2967 τήν
814 2885 975 2964 τιμωρίαν
991 2877 1092 2962 μείζω

34 2985 204 3064 νομίζοντες
220 2978 305 3050 εἶναι
320 2985 378 3068 τῆς
393 2978 460 3048 ύπδ
476 2985 541 3050 τῶν
555 2990 755 3067 κρινομένων
765 2988 975 3068 γεγενημένης
987 2977 1093 3064 ἀμαρ-

33 3088 102 3162 τίας.
136 3070 156 3167 ή
180 3108 247 3150 που
270 3082 334 3168 ἀρα
352 3080 372 3172 ή
387 3083 500 3170 βουλή,
522 3083 748 3170 Δημόσθενες,
772 3083 813 3151 τά
835 3083 942 3170 ψευδή
959 3081 1092 3170 ἀπέφη-

10 3209 91 3269 Ι,νενς
121 3182 158 3252 ού
182 3186 300 3273 δήπου.
338 3182 476 3263 τούτους
497 3185 620 3270 μέντοι,
645 3176 671 3252 ώ
694 3185 819 3271 ἀνδρες,
844 3184 899 3252 καὶ
921 3183 1091 3262 τοιούτους

10 3318 14 3339 1
30 3285 149 3372 ἑτέρους
166 3287 290 3355 ἀδικεῖν
307 3280 391 3371 παρ’
407 3287 523 3374 ἑαυτῆς
539 3287 760 3376 ἀποφηνάσης
770 3273 834 3375 Ιτῆς
854 3287 977 3373 βουλῆς
998 3282 1091 3369 ύμεῖς

86 3458 131 3522 54,
150 3462 164 3510 3
183 3455 287 3527 λόγων,·
312 3457 436 3510 Gebauer.
455 3485 488 3496 -
506 3462 521 3511 6
538 3453 644 3529 ἀποφεύ
662 3475 725 3510 ασιν
742 3457 772 3509 N.
791 3487 825 3496 —
844 3461 857 3508 ῖ
876 3448 927 3509 ὑπ’
945 3457 984 3508 ἐν.
1002 3458 1025 3509 Α
1042 3473 1090 3523 pr„

26 3537 82 3577 corr.
99 3527 134 3577 A¹
152 3532 178 3578 et
195 3527 238 3578 A2.
256 3555 290 3563 —
312 3525 358 3589 55,
377 3527 392 3576 2
409 3526 454 3576 καί
472 3477 661 3595 (ἀποφαίνειζ
672 3524 707 3577 τὰ
719 3525 800 3578 Blass.
817 3553 852 3564 -
870 3527 885 3577 3
903 3519 1005 3576 αύτοῖει
1025 3540 1089 3576 corr.

26 3585 127 3647 Βοίδιον.
145 3623 178 3632 -
197 3598 213 3647 4
230 3588 243 3646 ι’
263 3592 381 3664 γίοθητε
397 3594 419 3643 Α
437 3608 484 3658 pr„
503 3609 566 3647 corr.
584 3595 620 3646 ΑΞ
637 3623 670 3633 -
685 3589 783 3663 γνώμη
805 3593 827 3644 Α
844 3609 891 3659 pn,
911 3607 975 3644 corr.
993 3591 1036 3644 ΑΙ.
1055 3622 1090 3631 -

24 3659 40 3710 δ
60 3658 207 3730 ἀποφαίνει
230 3613 287 3714 εδδ.
307 3660 390 3724 Wolf,
413 3677 463 3716 om.
488 3668 498 3712 t
521 3691 554 3700 -
577 3657 735 3744 ἠδικηκότα
757 3662 778 3713 N
797 3678 849 3728 pn,
871 3676 933 3712 corr.
951 3660 994 3714 N¹.
1018 3689 1051 3700 -
1074 3664 1088 3713 7

22 3723 179 3849 ήκατὰ)ντὰ
202 3749 231 3783 π.
249 3729 349 3781 Dobree
367 3734 391 3791 t,
418 3721 582 3849 (53⁷'1090‘ssu
599 3728 685 3797 κατα)
707 3727 741 3781 τὰ
764 3727 958 3848 πΑΙήεείτοεε,
988 3729 1033 3780 sed
1056 3728 1089 3781 cf.

22 3799 105 3933 Νὴήόῖ,
126 3795 987 3935 1¹3¹{3122-—025315ffiffi'&1512ssEr'kncoffiqfflohbssf.
994 3800 1012 3926 ,1
1025 3816 1090 3916 οοτό

20 3928 60 4008 32¹.
78 3962 112 3974 -
131 3937 146 3987 3
164 3930 388 4001 πενταδραχμίαν
405 3931 450 3982 ΝΑ
464 3947 510 3997 με,
528 3949 593 3985 corr.
609 3933 652 3985 Δί.
670 3961 704 3972 -
721 3933 763 3998 57,
782 3938 797 3987 ό
815 3927 967 4000 ἀπέφηνεν·
986 3931 1091 3999 Bekker

17 4009 44 4054 m
60 4001 126 4054 Add.
144 4031 177 4040 -
196 4006 210 4054 7
230 3995 298 4070 παρ’
319 3998 422 4050 ἑαυτοῖς
439 3998 522 4066 Blass,
541 4001 573 4054 cf.
592 4003 662 4068 ξδό.
695 4034 700 4043 ·

66 4096 185 4129 υικιισσι
199 4097 237 4128 οι.
868 4086 884 4136 2
