2324 4410
374 239 457 292 rnrr
474 240 724 294 innonennorr.
861 210 863 216 ’
1049 243 1086 299 11

10 410 19 503 ,²
48 421 110 498 χιῒτο
130 408 185 486 τὰς
208 405 293 493 ὑπὲρ
317 412 375 474 τοῦ
399 407 504 496 δήμου
528 409 681 492 πράξεις·
706 409 770 497 ἐ’φη
786 409 892 498 τούτῳ
907 415 1089 496 Δημοσθέ-

17 511 21 547 ³
48 538 85 600 νης
102 513 193 598 φίλος
217 504 321 577 εἶναι·
351 509 440 599 (καὶ)
463 504 559 589 οὗτος
581 507 744 579 ἀπώλετο.
789 515 843 579 καὶ
865 507 967 580 ταῦθ’
994 511 1088 598 ὑμεῖς

10 617 12 639 '
49 611 157 698 δρῶντες
177 612 234 678 καὶ
255 612 473 694 ἐπιστάμενοι
488 610 574 679 πολύ
590 615 720 696 βέλτιον
735 606 756 700 ἢ
771 611 832 698 ἒγῶ
849 611 886 679 ού
903 615 1086 699 λογίζεσθε,

16 745 17 749 ’
48 712 71 784 κύ
82 719 256 782 σκοπεῖσθε
268 712 354 802 πρός
366 711 449 798 ῶμῶς
461 711 587 794 αύτούς,
603 713 855 799 τεκμαιρόμενοι
869 713 911 780 τά
925 716 1088 797 μέλλοντα

47 819 129 887 ἐκτῶν
144 816 374 903 γεγενημένων,
400 813 452 883 ότι
467 811 680 894 οῶδὲνσῦτος
701 816 859 902 χρήσιμος
882 810 994 906 ἀλλ’ἢ
1016 824 1087 897 τοῖς

11 907 15 1011 ἶ
46 922 149 1005 ίχθροῒς
172 918 255 984 κατὰ
272 922 329 1006 τῆς
345 917 475 997 πόλεως
482 948 494 1002 ,·
516 918 618 1006 <πότε
639 918 700 1003 γὰρ
723 912 763 986 ῶν
786 920 920 1007 οἴεσθε)
942 924 1138 1007 συστῆ-,34

10 1027 13 1084 ἴ
45 1047 87 1088 ναι
101 1019 324 1108 κατασκευὴν
337 1021 449 1105 ἑτέραν
465 1021 521 1086 οἵα
537 1019 596 1086 ἐπ’
609 1019 774 1104 ’Ἀγιδος
791 1020 925 1106 ἐγένετο,
944 1017 1086 1089 ότεΛα-

43 1123 218 1205 κιδαιμόνιοι
245 1124 304 1206 μὲν
334 1119 479 1201 άπαντες
508 1122 775 1207 ἐξεστράτευσαν,
810 1121 938 1206 Ἀχαιοὶ
969 1125 1004 1190 δὲ
1032 1125 1085 1191 καὶ

11 1283 13 1288 .
42 1223 136 1292 Ἠλεῖοι
157 1227 222 1290 τῶν
245 1224 447 1310 πραγμάτων
470 1223 673 1305 ἐκοινώνουν,
697 1221 843 1313 ὑπῆρχον
867 1225 903 1292 δὲ
923 1228 1010 1304 ξένοι
1024 1225 1086 1308 μύ-

10 1336 11 1348 ’
41 1352 95 1412 μοι,
119 1325 333 1412 Ἀλέξανδρος
357 1329 402 1407 δέ,
432 1324 477 1405 ῶς
499 1329 532 1394 οἱ
554 1327 712 1413 λέγοντες,
743 1327 775 1395 ἒν
795 1322 908 1406 Ἰνδοῖς
929 1317 977 1407 ῶν,
1005 1323 1024 1413 ἡ
1050 1328 1086 1395 δὲ

10 1416 12 1473 ?
38 1424 122 1507 ’ίίῖλάς
149 1428 267 1497 ἅπασα
299 1429 355 1496 διὰ
376 1428 453 1508 ταῶς
476 1431 511 1497 ἐν
534 1431 652 1517 ἑκάστη
675 1438 741 1497 τῶν
764 1430 894 1498 πόλεων
917 1430 1085 1515 προδότας

10 1545 12 1567 '
38 1527 180 1619 όχθομένη
204 1541 276 1610 τοῖς
291 1540 439 1617 παροῦσι
453 1532 644 1618 πράγμασιν
661 1528 796 1622 ἠσμένει
811 1531 995 1618 μεταβολήν
1010 1559 1085 1600 τινα

35 1637 82 1700 τῶν
101 1637 205 1700 κακῶν
227 1642 293 1701 τῶν
316 1635 579 1721 παρεστηκότων.
625 1640 659 1703 τί
681 1625 756 1718 οὖν,
790 1636 824 1702 ἐν
853 1635 983 1713 τούτοις
1012 1639 1083 1713 τοῖς
1095 1641 1134 1705 35

35 1739 142 1820 καιροῖς
160 1736 392 1823 Δημοσθένης
404 1744 454 1815 τίς
475 1727 524 1824 ἦν,
549 1734 566 1804 ὃ
589 1741 648 1804 ταῶ
671 1741 916 1824 συμβουλεῦσαι
936 1737 992 1805 καὶ
1006 1737 1085 1823 γρά-

35 1850 84 1923 ψαι
101 1839 210 1923 κύριος
236 1843 290 1907 καὶ
315 1839 433 1929 φήσων
458 1840 573 1906 αύτίκα
597 1839 636 1927 δὴ
659 1844 770 1921 μισεῖν
792 1840 834 1906 τά
856 1839 1085 1925 καθεστηκότα

34 1940 189 2026 πράγματα
197 1971 208 2024 ,·
240 1942 284 2009 ἐῶ
305 1943 367 2027 γὰρ
390 1942 467 2020 ταῶς
490 1941 610 2020 ἄλλους
633 1941 835 2030 [κινδύνους].
881 1941 1029 2028 ἔγραψάς
1051 1967 1084 2010 τι

34 2042 273 2126 περὶτούτων
299 2043 478 2133 [κινδύνων]
486 2073 497 2127 ,·
521 2044 779 2129 συνεβούλευσας
787 2074 798 2127 ,·
823 2043 984 2127 ἐπόρισας
1005 2043 1084 2132 χρη-

33 2168 116 2229 ματα,·
148 2146 264 2233 μικρόν
293 2173 325 2213 τι
351 2142 513 2236 χρήσιμος
541 2146 653 2232 ἐγένου
683 2160 756 2225 τοῖς
785 2143 870 2231 ῶπδρ
893 2148 951 2235 τῆς
974 2148 1084 2234 κοινῆς

33 2254 173 2332 σωτηρίας
195 2248 418 2332 πράττουσιν,·
453 2243 526 2315 υύδ’
552 2244 673 2334 ότιούν,
703 2243 788 2316 άλλά
810 2248 962 2336 περιῄεις
983 2274 1083 2314 κατα-

31 2347 171 2430 σκευάζων
194 2351 402 2436 λογοποιούς,
426 2351 480 2418 καὶ
507 2352 593 2437 παρ’
612 2349 700 2440 αύτῷ
723 2352 859 2439 γράφων
882 2350 1083 2431 ἐπιστολάς

29 2454 68 2517 καί
86 2454 307 2536 καταισχύνων
330 2450 389 2541 τὴν
411 2461 470 2537 τῆς
497 2455 628 2533 πόλεως
651 2454 749 2535 δόξαν
773 2455 807 2521 ἐκ
830 2462 896 2521 τῶν
914 2453 1081 2521 δακτύλων
1144 2468 1147 2472 ’

28 2551 221 2639 ἀναψάμενος
243 2555 515 2640 περιεπορεύετο,
547 2564 681 2642 τρυφῶν
712 2555 746 2623 ἐν
775 2560 848 2634 τοῖς
869 2564 927 2645 τῆς
949 2556 1080 2634 πόλεως
1091 2563 1130 2624 36

10 2667 128 2746 ,κακοῖς
150 2662 207 2724 καὶ
228 2657 284 2724 ἐπὶ
308 2667 445 2744 φορείου
468 2658 764 2743 κατακομιζόμενος
786 2660 845 2744 τὴν
868 2658 916 2737 εἷς
933 2663 1081 2743 Πειραιᾶ

10 2751 96 2840 irin,
118 2759 173 2828 καὶ
188 2760 248 2838 τδις
262 2762 328 2826 τῶν
344 2761 494 2848 πενήτων
511 2759 657 2846 ἀπορίας
673 2755 852 2840 ὀνειδίζων.
886 2755 957 2827 εἶθ’
982 2749 1079 2840 οὗτος

25 2859 60 2938 εἷς
77 2861 151 2941 τούς
172 2863 352 2943 μέλλοντας
375 2859 453 2947 ύμῖν
475 2863 609 2949 καιρούς
633 2865 726 2931 ἔσται
740 2863 908 2949 χρήσιμος,
931 2871 1080 2949 παραβε-

24 2963 112 3047 βηκῶς
141 2961 292 3044 ἅπαντας
320 2966 396 3044 ταῶς
426 2967 719 3052 παρεληλυθότας;
755 2965 930 3046 τοιούτων,
968 2951 997 3031 ῶ
1026 2967 1079 3032 δέ·

77 3174 90 3224 5
107 3175 152 3221 καὶ
171 3170 228 3222 add.
247 3170 350 3235 Reisire‚
371 3186 421 3225 orn.
440 3175 450 3222 t
468 3201 501 3209 —
518 3167 583 3238 ὑμῖν
600 3172 623 3224 Α
640 3189 686 3240 pn,
705 3188 769 3224 corr.
786 3172 830 3223 A¹.
847 3198 881 3210 —
900 3175 915 3224 6
934 3168 1029 3223 πολλοὶ
1047 3171 1078 3236 Ν,

23 3233 78 3288 πολὺ
95 3239 274 3305 superscripsit
291 3238 334 3290 ΝΞ.
356 3267 390 3276 -
412 3238 458 3303 34,
478 3244 490 3292 1
510 3237 614 3292 πόλεως
630 3242 764 3304 συστῆσαι
781 3240 837 3291 libr.
856 3244 879 3303 t,
902 3241 1019 3291 lacunam
1036 3240 1078 3291 hic

21 3300 61 3357 ind.
75 3303 210 3370 Mnetzner,
232 3312 293 3372 post
315 3308 421 3377 ἐγένετο
440 3307 556 3375 Sauppe,
577 3307 641 3378 (καὶ
663 3303 729 3361 πότ’
749 3300 783 3358 ἂν
801 3306 912 3373 οἴεσθε)
930 3307 1079 3360 Graffnnder

20 3396 47 3408 -
60 3373 200 3436 συστῆσαιε
225 3374 256 3426 de
274 3390 331 3426 meo
350 3376 455 3427 mutavi.
473 3405 507 3412 —
525 3379 540 3428 2
558 3372 733 3444 παρασκευὴν
750 3375 782 3440 Ν,
800 3376 832 3426 cf.
852 3375 870 3426 G
891 3393 916 3443 p.
935 3379 959 3427 7.
977 3405 1011 3414 -
1029 3371 1076 3427 ἐπ’

20 3436 81 3507 αίγδι
96 3442 167 3495 ANt:
191 3458 254 3494 corr.
272 3442 432 3508 wesseling,
456 3445 567 3513 ἔναγχος
591 3444 679 3496 (ὶοῖιεί.
704 3473 738 3482 -
766 3448 781 3497 5
803 3438 841 3495 ῶε
857 3441 885 3494 οἱ
905 3439 1021 3506 ῶχιστα
1038 3440 1078 3494 λε’-

17 3521 98 3572 γνντιτ
115 3509 214 3574 Baiter,
237 3510 295 3562 coli
313 3511 390 3563 lsocr.
408 3511 449 3577 lX,
468 3514 514 3576 28,
536 3512 578 3563 alii
597 3512 660 3578 alia,
682 3512 728 3564 sed
747 3512 779 3563 ci.
798 3511 888 3576 [Dein]
939 3511 967 3576 il,
985 3513 1026 3564 36.
1044 3539 1078 3549 -

16 3573 98 3630 Θτῶν
113 3595 154 3629 πα
172 3575 328 3642 ιστηκότων
345 3579 438 3630 κακῶν
455 3578 486 3632 N.
509 3608 544 3618 -
565 3579 610 3644 35,
629 3584 643 3632 3
666 3583 763 3646 μησιῖν
780 3579 803 3630 Α
821 3596 871 3647 φα,
895 3595 958 3632 corr.
977 3579 1020 3630 A1.
1043 3607 1078 3617 -

14 3642 63 3696 4κ.
82 3645 131 3700 dei.
165 3646 251 3710 ranke,
270 3661 335 3700 serv.
353 3653 371 3698 t.
389 3676 421 3684 -
442 3651 456 3700 5
474 3666 523 3698 ταν
540 3651 600 3700 τῶν
616 3650 648 3712 Α,
726 3647 784 3700 τῶν
801 3648 824 3699 N
842 3651 904 3712 (tres
922 3647 960 3699 lit.
979 3649 1076 3711 erasae)

13 3732 41 3750 ἢ
56 3732 80 3764 κ.
99 3713 148 3766 del.
166 3712 275 3779 Bekker‚
292 3711 401 3766 τούτων
417 3715 477 3767 τῶν
494 3735 517 3766 κ.
532 3715 620 3769 Wnrm
639 3721 657 3769 t.
674 3745 709 3754 —
727 3721 741 3768 ’ί
760 3732 839 3783 περι.
850 3751 856 3766 .
867 3731 896 3767 ,ε
913 3715 995 3781 an,
1013 3730 1076 3768 corr.

10 3769 49 3841 ΙΨ,
66 3776 170 3853 περιῄει
185 3781 292 3834 Franks.
310 3812 344 3819 -
363 3785 377 3835 8
397 3776 471 3834 αῶτῶ
489 3783 562 3835 Ν-
583 3780 744 3849 ίπιστυλὴνι
763 3799 825 3836 corr.
838 3782 920 3849 Blass‚
939 3784 971 3837 cf.
984 3783 1077 3835 Aesch.

10 3839 44 3911 ΠΙ,
58 3853 112 3914 164,
130 3846 284 3916 ἐπιστολὴν,
298 3854 308 3901 ί
325 3879 358 3888 -
377 3854 423 3901 καὶ
440 3847 510 3920 παρ’
525 3846 600 3916 αύτῷ
616 3849 759 3922 γιγραφῶε
776 3848 923 3915 ἐπιστολὴν
938 3850 1077 3916 Maeizner,

10 3917 50 3976 qui
68 3932 96 3968 en
114 3919 192 3970 verba
210 3922 269 3984 post
286 3913 371 3978 δόξαν
388 3920 451 3984 poni
467 3920 546 3973 iubet.
564 3949 598 3958 -
615 3923 630 3972 9
650 3915 742 3984 δόξαν,
760 3923 778 3973 t.
797 3949 830 3958 -
848 3919 923 3985 352
941 3923 1036 3989 φορίσν
1053 3919 1077 3972 Ν

10 4002 39 4020 κ
55 3985 84 4036 ἐκ
101 3986 182 4054 Αρι,
201 3986 237 4038 εἰς
254 3987 280 4036 in
297 4001 383 4038 rasura
401 3987 480 4041 A¹N¹.
497 4016 532 4026 —
550 3991 565 4040 5
584 3984 715 4040 δέσποινα
733 3988 763 4041 N.
