2324 4410
399 256 489 310 ΚΑΤΑ,
501 254 752 309 ΔΗΜΟΣΘΕΝΟΥΣ.
1074 255 1114 314 35
1127 334 1129 346 Ι

36 417 116 499 τοὺς
149 416 460 509 ἀποπεφασμένους
494 427 546 490 καὶ
583 424 659 502 τοὺς
692 423 872 508 μέλλοντας
901 418 1040 515 ἀφέντες
1069 425 1116 504 είς

40 512 269 617 ὖμᾶςοάτοδς
297 528 350 592 καί
381 527 437 591 τὸν
465 528 567 614 δῆμον
590 526 648 614 τὴν
670 526 796 592 τούτων
820 527 1021 609 δωροδοκίαν
1044 533 1116 610 τρέ-

45 635 135 708 ψετε,
158 621 217 695 κάν
240 625 377 713 ὕστερον
400 628 554 718 ἒγκαλῆτε
576 639 647 706 τοῖς
669 627 814 715 ἀφεῖσιν,
841 625 895 695 ότε
910 623 1004 695 οὐδὲν
1022 629 1115 695 ἔσται

10 758 12 769 ·
49 729 146 799 πλέον
167 727 255 812 δμῖν.

54 865 56 869 ·
126 829 206 917 Ἔγώ
230 832 289 915 μὲν
312 816 381 913 σόν,
406 829 483 898 ὅσον
508 831 554 908 εἷς
576 830 615 897 τὸ
637 835 735 914 μέρος
757 825 879 913 τοάμδν
902 833 961 917 τῆς
975 839 1142 916 κατηγο-1

59 931 121 1019 ρίος
142 931 227 1023 ἥκει,
256 933 463 1020 βεβοήθηκα,
492 918 598 1000 τάλλα
627 932 737 998 πάντα
766 931 918 1015 παριδών
945 931 1031 1020 πλὴν
1053 936 1112 998 τοῦ

62 1037 173 1105 δικαίου
201 1036 255 1104 καὶ
283 1038 341 1104 τοῦ
370 1035 596 1121 συμφέροντος
626 1030 713 1117 όμῒν.
765 1033 823 1101 οὐκ
851 1035 1112 1120 ἐγκαταλέλοιπα

10 1152 15 1186 ²
63 1137 108 1224 την
128 1138 240 1219 πόλιν,
268 1135 308 1204 οά
339 1137 431 1221 χάριν
458 1131 734 1220 προύργιαιτέραν
757 1144 816 1224 της
838 1139 895 1202 τοῦ
919 1135 1023 1222 δήμου
1044 1161 1112 1219 χει-

65 1239 196 1324 ροτονίας
218 1238 435 1325 ἐποιησάμην.
476 1235 577 1317 ἀξιῶν
601 1238 636 1304 δὲ
658 1239 711 1303 καλ
734 1233 819 1320 ὑμᾶς
840 1237 897 1322 τὴν
913 1231 1015 1325 οάτην
1031 1236 1113 1321 γνά-

67 1366 114 1429 μην
135 1341 213 1424 ἔχειν
236 1341 451 1424 παραδίδωμι
473 1338 511 1404 τό
535 1335 623 1422 ἀδωρ
646 1344 718 1416 τοῖς
740 1335 854 1416 ἀλλοις
875 1335 1079 1424 κατηγόροις.

560 1631 596 1691 ΙΙ.

14 2102 20 2163 j
40 2069 43 2077 ’
61 2071 102 2137 καλ
127 2068 262 2152 ἀκρόσαι
292 2074 344 2138 καὶ
376 2072 456 2157 ἰδεῖν
486 2072 521 2140 ἒν
550 2077 624 2150 ταῖς
649 2070 874 2159 μεμνημένοις
898 2067 1110 2158 ἀποφάσεσι·

10 2173 21 2210 λ
60 2173 323 2256 θαυμασιώτατον
347 2174 383 2241 δὲ
405 2173 555 2256 πάντων,
587 2171 631 2253 αλς
654 2174 728 2258 ἐμοὶ
751 2176 853 2254 δοκεῖ,
882 2173 920 2239 τό
944 2182 1001 2241 νῦν
1022 2175 1112 2260 γινό-

60 2298 151 2357 μενον.
195 2272 296 2360 όγδρ
318 2276 543 2362 πονηρότατος
567 2285 633 2344 τῶν
657 2276 690 2343 ἓν
713 2280 753 2364 τῇ
775 2277 890 2358 πόλει,
921 2277 1045 2360 μᾶλλον
1076 2279 1112 2345 δέ

10 2374 21 2467 λ,
59 2377 100 2443 καί
119 2381 182 2461 τῶν
206 2375 313 2445 ἀλλων
337 2373 538 2462 ἀνθρώπων,
564 2373 817 2463 Ἀριστογείτων
840 2378 1113 2463 διαδικασόμενος

15 2480 21 2568 '¹
58 2475 115 2563 ἥκει
140 2488 179 2568 τῇ
208 2480 244 2560 ἐξ
267 2474 398 2563 Ἀρείου
420 2480 528 2565 πάγου
555 2483 659 2567 βουλῇ
688 2479 766 2564 περὶ
795 2479 958 2566 ἀληθείας
985 2485 1038 2549 καὶ
1062 2483 1112 2547 δι-

58 2580 225 2667 καιοσύνης,
249 2580 304 2648 καὶ
326 2584 395 2648 νυνί
417 2582 551 2664 μείζονα
574 2579 722 2648 κίνδυνον
745 2577 766 2671 ἡ
787 2581 845 2666 τὴν
862 2577 1037 2668 ἀπόφασιν
1052 2608 1112 2649 πε-

10 2682 16 2771 Ἰ
56 2689 203 2770 ποιημένη
226 2683 328 2772 βουλὴ
351 2683 529 2751 κινδυνεύει
551 2677 572 2770 ἢ
592 2679 609 2747 δ
626 2684 715 2767 δῶρα
734 2682 910 2767 λαμβάνων
925 2683 1007 2750 καθ’
1022 2680 1131 2766 ὑμῶν

10 2784 20 2865 ’ξ
56 2782 100 2849 καὶ
125 2786 182 2872 τὴν
211 2782 294 2870 όπδρ
316 2788 381 2852 τῶν
405 2783 539 2853 δικαίων
562 2791 749 2872 παρρησίαν
773 2784 984 2868 ἀποδόμενος
1007 2787 1112 2852 ε’ίκοσι

10 2885 12 2923 ²
54 2889 141 2967 μνῶν.
185 2888 290 2973 τούτῳ
312 2894 371 2971 μέν
393 2914 429 2973 γε
451 2887 563 2954 κοινόν
587 2886 681 2954 οάδέν
705 2883 780 2953 οάδὲ
805 2883 920 2967 δεινόν,
951 2887 1007 2954 ἐὰν
1031 2884 1143 2975 ἀλῷ,2

10 3008 12 3018 ·
54 2988 264 3080 συμβήσεται·
286 2992 338 3056 καὶ
361 2990 422 3075 γὰρ
445 2989 597 3057 θανάτου
621 2988 698 3069 ἀξια
712 2988 822 3057 πολλὰ
837 2989 999 3073 πρότερον
1016 2990 1109 3075 ἕτερα

10 3086 13 3100 '
52 3086 304 3176 διαπέπρακται,
342 3091 397 3158 καὶ
425 3090 458 3157 ἓν
487 3099 533 3178 τῷ
565 3093 777 3178 δεσμωτηρίῳ
809 3092 915 3157 πλείω
943 3090 1057 3175 χρόνον
1090 3083 1111 3178 ἢ

50 3186 106 3270 ἔξω
128 3195 333 3278 διατέτριφε,
362 3195 415 3261 καλ
440 3191 583 3279 ὀφείλων
606 3196 653 3280 τῷ
677 3195 824 3278 δημοσίῳ
847 3191 929 3259 κατά
951 3196 1016 3258 τῶν
1039 3192 1112 3258 έπι-

47 3297 145 3378 κίμων
167 3300 327 3381 γέγραφεν
351 3293 410 3362 οὐκ
427 3294 499 3374 ἐξόν
515 3289 614 3382 οάτῷ,
637 3293 692 3361 καὶ
707 3294 801 3379 ἕτερα
816 3292 927 3361 πολλά
948 3296 1000 3360 καὶ
1019 3293 1110 3361 δεινά

45 3403 212 3484 πεποίηκε,
237 3398 312 3481 περὶ
337 3392 382 3463 ὧν
406 3395 634 3482 ἀκριβέστερον
655 3394 776 3481 ὑμεῖς
799 3397 878 3478 ἐμοῦ
900 3395 1109 3482 γιγνώσκετε·

44 3499 80 3586 τῇ
95 3500 145 3565 Ἴδέ
173 3499 276 3592 βουλῇ
304 3497 342 3564 τὸ
371 3499 465 3579 δόξαι
493 3497 567 3580 [καί]
597 3501 704 3585 ψευδῆ
726 3498 809 3565 κατὰ
828 3497 1111 3582 Ἀριστογείτονος

110 3656 141 3707 12
164 3657 209 3704 καὶ
227 3653 250 3704 Α
267 3668 305 3718 pr.
324 3657 346 3717 t,
369 3671 410 3704 κο.
429 3652 450 3704 N
468 3667 522 3718 pn,
545 3642 596 3702 κόν
613 3651 684 3703 A¹N¹
708 3680 741 3690 -
765 3648 901 3722 ἐγκαλεῖτε
925 3653 1003 3719 Apr.
1021 3654 1045 3714 t,
1069 3650 1111 3720 έγ-

37 3719 141 3775 καλ.τι
158 3721 180 3771 N
198 3738 244 3789 pr„
262 3717 390 3791 έγκαλῆτο
406 3719 484 3783 A¹N¹‚
502 3706 573 3782 κᾶθ’
587 3711 702 3788 ὕστερον
718 3722 733 3770 έ
750 3717 856 3771 καλοῖτο
872 3720 955 3774 Βλοεε.
972 3719 1112 3783 -114,4

35 3804 110 3861 προρ
129 3809 146 3840 ι.
164 3789 187 3840 Α
205 3805 256 3854 φα,
280 3804 343 3840 corr.
361 3788 404 3842 Αἵ.
423 3787 495 3839 -Ν
515 3787 620 3840 subicit:
643 3787 712 3840 κατὰ
730 3738 925 3854 δημοσθένους.
950 3815 984 3826 -
1006 3787 1077 3850 11,1,
1098 3791 1111 3842 1

36 3857 97 3915 πάν
126 3851 134 3872 ’
154 3851 191 3909 ιάε
207 3860 308 3922 ἔοικεν,
332 3843 467 3925 δᾶνδρεε
483 3855 589 3924 Dionys.
608 3855 640 3907 de
658 3855 713 3908 Din.
731 3857 783 3910 iud.
804 3860 844 3911 10.
868 3886 902 3896 —
924 3856 951 3922 2,
969 3859 986 3908 4
1010 3857 1056 3907 ἐπὶ
1074 3872 1112 3907 τι-

31 3927 102 3992 μῶν
119 3924 165 3977 ΝΑ
177 3941 228 3992 pn:
247 3940 310 3977 corr.
323 3923 364 3976 A2.
383 3953 415 3961 —
435 3927 450 3976 6
468 3919 541 3991 ὑμεῖς
559 3918 648 3993 ἀκριβ.
661 3924 691 3978 Ν.
710 3955 743 3963 -
762 3928 776 3977 ’ί
796 3919 876 3986 δόξαι
893 3928 938 3975 καὶ
957 3940 986 3990 φ,
1005 3914 1051 3975 NA
1065 3939 1113 3989 pr„

32 3997 84 4047 καὶ
102 3994 129 4044 in
147 3992 169 4044 A
187 4009 286 4046 erasum
305 4007 353 4047 υιο.
373 3996 391 4059 ί,
409 3986 487 4053 δόξαι
504 3987 541 4044 τά
561 4008 592 4062 φ.
610 3991 692 4059 Βλοεε,
710 4008 770 4046 num
789 3989 822 4045 τό
840 3995 886 4044 καὶ
905 3988 983 4052 δόξαι
1001 3994 1052 4062 φλ

868 4075 906 4129 3*
