2324 4410
64 198 68 206 ·
115 185 133 245 8
561 185 742 240 ΔΕΙΝΑΡΧΟΥ

115 353 212 440 δότην
239 355 359 431 παῖδες
387 351 442 419 καὶ
470 362 618 437 γυναῖκες
647 353 683 418 αἱ
706 355 861 439 Θηβαίων
892 352 948 419 ἐπὶ
976 351 1037 430 τὰς
1069 373 1130 434 σκη

115 457 178 520 τῶν
199 455 373 538 βαρβάρων
398 452 652 540 διενεμήθησαν,
680 450 780 531 πόλις
802 451 1003 538 ἀστυγείτων
1026 453 1084 518 καὶ
1110 474 1130 516 σ

113 579 215 641 μαχος
244 555 277 621 ἐκ
304 561 406 643 μέσης
435 558 493 644 τής
518 551 673 632 Ἑλλάδος
703 553 931 642 ἀνήρπασται,
962 550 1106 638 ἀροῦται

114 662 283 741 σπείρεται
305 655 344 721 τὸ
362 661 517 742 Θηβαίων
541 655 623 721 ἀστυ
646 658 712 722 τῶν
734 657 1002 744 κοινωνησάντων
1027 652 1106 738 ύμῖν

112 758 197 843 πρὸς
221 755 397 824 Φίλιππον
420 759 579 841 πολέμου.
624 753 772 843 ἀροῦται,
797 765 892 844 φημί,
915 759 969 824 καί
994 763 1130 841 σπείρει

112 863 165 927 καὶ
190 856 247 927 οὐκ
267 858 401 948 ἠλέησε,
433 867 534 947 φημί,
562 856 579 926 ύ
602 860 722 945 μιαρὸς
745 854 839 938 οὗτος
862 858 961 926 πόλιν
985 856 1096 937 οὕτως
1119 882 1130 924 ι

110 964 194 1047 τρῶς
217 955 461 1049 ἀπολλυμένην,
485 962 531 1040 εἰς
553 959 592 1049 ήν
610 962 827 1048 ἐπρέσβευσα
843 956 904 1047 ὑφ’
921 958 1012 1044 ύμιῦν
1033 959 1130 1028 ἀποσ

111 1064 192 1149 λείς,
224 1057 271 1151 ἧς
301 1061 512 1147 ὁμόσπονδος
533 1062 588 1129 καὶ
612 1060 838 1148 ὁμοτράπεζος
861 1063 1021 1141 πολλάκις
1043 1069 1130 1148 χέχον

110 1163 149 1255 ήν
172 1160 271 1244 αύτός
294 1187 377 1253 φησι
400 1166 569 1250 σύμμαχον
599 1161 676 1249 ύμῖν
706 1168 865 1253 ποιήσαι,
898 1160 982 1232 ἀλλά
1011 1165 1097 1250 πρὸς
1125 1195 1130 1231 ι

110 1264 321 1350 εὐτυχοῦντας
344 1267 505 1346 πολλάκις
528 1256 632 1357 ήλθε,
662 1267 800 1345 τούτους
829 1267 1030 1351 ἀτυχοῦντας
1059 1292 1130 1353 προ

58 1375 99 1437 25
111 1371 219 1437 δωκεν.
260 1367 406 1437 κάκεῖνοι
427 1370 532 1457 (μέν),
551 1366 601 1458 νὠς
623 1371 656 1436 οἱ
678 1369 897 1455 πρεσβύτεροι
920 1373 1061 1456 λέγουσι,
1084 1398 1130 1437 κα.

108 1472 283 1558 λελυμένης
305 1476 365 1557 τής
388 1474 608 1559 δημοκρατίας
630 1476 688 1562 τής
710 1473 794 1556 παρ’
813 1469 892 1561 ήμῖν
912 1477 965 1539 καλ
983 1473 1130 1558 συνάχονι

108 1574 140 1640 ἐν
166 1575 294 1661 Θήβαις
319 1575 555 1660 Θρασυβούλου
588 1573 666 1652 τούς
696 1574 846 1661 φυγάδας
875 1575 947 1642 ἐπὶ
976 1575 1036 1664 τήν
1068 1577 1130 1642 Φοί

107 1675 306 1762 κατάληψιν,
338 1679 392 1743 καὶ
418 1679 696 1760 Λακεδαιμονίων
727 1676 944 1759 ἰσχυόντων
974 1679 1027 1744 καί
1052 1672 1130 1765 ἄπας

106 1778 267 1860 ρευόντων
287 1782 410 1866 μηδένα
423 1777 614 1865 Ἀθηναίων
638 1777 868 1861 ὑποδέχεσθαι
889 1777 1130 1866 μηδ’·έκπέμπι

28 1924 31 1929 ‹
108 1877 196 1963 ὅμως
219 1879 440 1964 συνέπραττον
463 1884 511 1968 τῷ
534 1880 629 1969 δήμῳ
651 1881 711 1968 τήν
733 1878 882 1947 κάθυδον
911 1882 964 1947 καὶ
991 1880 1030 1947 τό
1053 1884 1130 1950 πσλί

105 2006 154 2059 κις
183 1979 426 2067 ἀνεγνωσμένον
456 1976 539 2066 παρ’
565 1978 642 2064 ύμῖν
666 1981 876 2068 ἐψηφίσαντο
899 1981 1078 2069 ψήφισμα,
1112 1988 1130 2069 [χ

105 2085 264 2169 περιορᾶν
294 2083 350 2150 ε’άν
377 2095 428 2162 ’τις
457 2080 547 2150 ὅπλα
577 2083 633 2151 διὰ
662 2087 719 2170 τής
747 2084 854 2167 χώρας
883 2087 963 2173 [τής]
985 2083 1130 2172 Ἀθηναί

55 2192 96 2254 26
107 2185 188 2269 έχων
211 2184 407 2273 πορεύηται·
432 2179 529 2265 οὗτος
553 2187 588 2252 δέ
611 2178 628 2251 ό
651 2186 762 2253 κοινὸν
781 2183 879 2253 αὑτὸν
895 2191 967 2264 τοῖς
983 2187 1130 2272 συμμάχο

106 2283 150 2365 ὥς
172 2283 288 2354 αὐτίκα
312 2288 448 2376 φήσει,
472 2295 624 2372 παρέχων
648 2283 743 2356 οῦδὲν
758 2292 910 2355 τοιοῦτον
926 2289 1076 2372 ἔπραξεν,
1101 2291 1130 2359 σί

104 2399 169 2455 τῶν
192 2390 365 2477 χρημάτων
389 2383 435 2457 τόν
460 2391 575 2476 ἔλαβεν
600 2390 646 2468 εἰς
668 2393 727 2476 τήν
750 2390 876 2457 τούτων
902 2391 1065 2478 σωτηρίαν
1082 2390 1130 2460 σύι

105 2488 251 2580 ήθέλησε
273 2498 454 2575 προέσθαι.
479 2488 522 2583 ὧν
546 2488 638 2575 ὑμεῖς
645 2544 654 2573 ,
690 2482 716 2560 ὦ
739 2491 864 2578 ἀνδρες,
888 2500 1101 2578 μνησθέντες,
1122 2522 1130 2563 ι

104 2593 145 2660 τά
167 2589 358 2682 ἀτυχήματα
381 2596 422 2662 τά
444 2594 599 2680 γινόμενα
621 2592 678 2662 διά
700 2594 778 2674 τοῦς
800 2595 969 2680 προδότας
987 2596 1130 2688 θεωρήσι

103 2719 156 2774 τες
190 2696 223 2763 ἓν
257 2702 330 2775 ταῖς
356 2695 542 2764 Ὀλυνθίων
577 2700 631 2764 καὶ
664 2702 820 2784 Θηβαίων
850 2705 1054 2786 συμφοραῖς,
1092 2697 1130 2769 όν

103 2795 192 2881 ύμῶν
215 2796 321 2866 αὐτῶν
345 2795 458 2885 ὀρθῶς
481 2802 550 2867 νυνὶ
573 2800 787 2883 βουλεύεσθε,
810 2803 863 2868 καὶ
887 2801 963 2880 τοὺς
980 2804 1129 2887 δωροδοκ

105 2899 284 2980 ἐθέλοντας
313 2902 396 2970 κατὰ
425 2905 482 2990 τῆς
510 2905 673 2990 πατρίδος
701 2898 873 2982 ἀνελόντες
902 2905 935 2972 ἓν
964 2901 1041 2989 ύμῖν
1065 2899 1130 2975 αῦτη

102 3171 169 3226 Bibl.
187 3189 213 3240 p.
231 3176 281 3227 447
300 3189 314 3225 α
333 3176 365 3226 20
383 3173 431 3226 Bk.
454 3203 487 3212 —
512 3173 741 3228 5κοινωσάντων
765 3177 855 3244 Aps„
880 3193 943 3230 corr.
961 3179 997 3229 Α1
1018 3208 1051 3218 -·
1073 3174 1130 3248 ἡμῖν

103 3337 136 3346 -—
154 3310 203 3360 τοῦ
222 3325 297 3376 supra
314 3324 415 3362 versum
434 3310 476 3362 Αἱ.
494 3338 528 3349 -
547 3314 561 3362 7
580 3310 693 3391 οἰκτρῶς
708 3306 805 3366 ἀπολλ.
819 3283 876 3367 οῦύ.
893 3315 924 3378 Α,
941 3313 1008 3368 υἰκτ.
1020 3308 1069 3368 ἀνι.
1081 3307 1129 3368 σύν

101 3405 135 3414 -
154 3380 169 3429 9
187 3375 225 3428 υἷε
242 3377 311 3428 ANt:
331 3393 394 3429 corr.
413 3377 491 3430 Wolf.
512 3407 545 3416 -
568 3383 599 3431 10
617 3383 681 3444 ημῖν
698 3380 720 3429 Α
739 3411 771 3418 -
790 3382 911 3445 ποιήσαι.
934 3388 951 3434 t.
970 3410 1004 3421 -
1023 3386 1052 3436 11
1072 3378 1126 3436 ’τοῦ1

101 3443 124 3496 Ν
142 3474 176 3482 -
194 3441 352 3512 προδέδωκε
367 3448 408 3498 At.
426 3475 460 3484 -
478 3445 550 3509 25,1
569 3449 620 3513 μὲν
637 3448 694 3498 add.
709 3448 818 3512 Bekker,
838 3466 887 3501 om.
899 3455 918 3501 t.
937 3479 970 3487 -
988 3452 1003 3502 3
1025 3446 1123 3521 ,υγόδα

101 3528 148 3578 υτ,
161 3529 224 3564 corr.
237 3514 272 3563 Αι
290 3544 322 3550 -
340 3516 393 3564 ἔτει
407 3530 469 3565 corr.
483 3514 591 3576 Bekker,
610 3510 655 3565 διά
668 3529 698 3566 τε
710 3515 753 3570 N2.
771 3544 805 3555 -
824 3515 1003 3580 4ἱσχόντωνι
1022 3534 1087 3571 corr.
1096 3518 1121 3570 λλ

102 3608 135 3616 -
154 3585 168 3632 ἵ
188 3577 225 3646 μὴ
243 3585 268 3632 et
287 3583 301 3634 8
319 3582 367 3647 τῆς
380 3582 429 3633 del.
444 3581 546 3648 Sauppe
559 3598 599 3647 ep.
613 3599 647 3634 cr.
660 3585 716 3646 132,
730 3599 829 3635 servav.
842 3590 859 3635 t.
874 3585 1002 3636 decretum
1015 3585 1082 3638 Plut.
1092 3584 1118 3638 1²1

102 3649 144 3706 (cf.
163 3648 272 3716 Lysand.
291 3652 348 3711 27):
367 3647 416 3700 έάν
433 3667 474 3702 τιε
489 3647 648 3714 Ἀθηναίων
671 3652 716 3701 ἐπὶ
733 3649 796 3703 τοδε
813 3650 959 3720 τυράννους
976 3645 1049 3706 όπλα
1066 3650 1112 3706 διδ

101 3720 239 3768 Βοιωτίας
257 3719 365 3788 κομίζῃ,
388 3713 493 3784 μηδένα
510 3715 636 3770 Βοιωτὸν
659 3715 767 3771 ἀκούειν
789 3716 858 3786 μηδδ
879 3715 954 3790 ὁρᾶν.
990 3718 1087 3787 μηδέν’
1107 3742 1112 3774 ι

103 3783 249 3848 Schneider,
266 3782 302 3851 μὴ
320 3781 389 3855 ὁρᾶν
406 3786 489 3852 Βλεεε,
511 3783 560 3837 ἐὰν
578 3782 650 3838 ὅπλα
668 3782 713 3838 διὰ
732 3789 778 3853 τῆς
794 3783 885 3856 χώρας
901 3805 942 3840 τιε
956 3785 1019 3841 Ἀθ.
1033 3789 1110 3856 λίυςεῖ

102 3850 148 3914 26,
168 3856 180 3904 1
201 3848 296 3904 αὖτδνε
315 3869 378 3907 corr.
391 3853 470 3906 A¹N².
488 3883 521 3891 —
540 3857 555 3906 2
574 3858 653 3922 φησὶε
673 3871 736 3908 corr.
747 3855 821 3907 Wolf
834 3885 868 3894 -
886 3857 972 3908 malim
990 3853 1088 3926 (ἀλλ’)

100 3946 137 3957 -
155 3923 169 3970 5
187 3916 340 3990 προδόντας
357 3922 379 3971 Α
396 3938 444 3988 αα,
461 3937 549 3973 rasura
567 3938 630 3975 corr.
