2324 4410
352 257 354 262 ·
396 254 481 308 ωσι
498 252 751 308 ΔΗΜοιεεσοΥε.
1017 322 1019 327 ,
1074 253 1114 312 19

11 448 23 488 ε
127 416 192 509 ΙἪ
217 429 317 489 τοῦτο
347 424 407 506 μὲν
431 422 488 489 οὐκ
511 421 729 511 ἐπιχειρήσεις
752 423 871 507 λέγειν,
902 420 954 492 ότι
984 426 1019 491 δὲ
1048 433 1140 497 τῶν6

66 525 221 613 πρότερον
251 519 521 609 ἀποφανθέντων
550 521 617 590 όπὸ
647 531 706 611 τῆς
730 526 851 613 βουλῆς
872 536 945 604 τοῖς
966 527 1025 607 μὲν
1052 524 1140 594 δελ-ε

68 631 120 706 λοις
143 621 387 712 ὡμολογηκέναι
416 625 615 712 συμβέβηκεν
645 620 739 705 άξίαν
769 621 932 714 εἶναιτὴν
955 635 1113 712 τῆςβου-

22 739 24 749 “
68 733 110 817 λῆς
127 729 271 818 ζήτησιν,
302 728 358 795 σολ
388 729 425 796 δέ
451 727 541 813 μόνῳ
570 726 612 794 τά
638 728 716 810 περὶ
740 723 842 816 αότῆς
865 728 1114 818 ἠναντιῶσθαις

22 854 29 922 ‘j
67 832 128 900 άλλά
157 832 259 915 μόνος
293 831 334 897 σὺ
366 838 432 896 τῶν
466 829 607 896 πώποτε
640 829 935 916 ἀποπεφασμένων
968 827 1114 917 ἠξίωσας

20 944 30 1025 ,ζ
67 933 123 1004 ἑιόυ
148 940 274 1020 σεαυτῷ
302 931 439 1010 τούτους
465 932 578 1015 κριτάς
607 934 660 998 καὶ
693 933 828 1018 ζητητάς
856 938 1028 1017 γενέσθαι,
1057 932 1113 1000 καὶ

60 2251 107 2344 άφ’
131 2256 309 2343 Ἁρμοδίου
341 2258 520 2342 γεγονότων
550 2252 597 2336 εἷς
626 2258 709 2324 κατὰ
738 2258 776 2323 τὸ
806 2259 864 2325 σόν
894 2258 1109 2344 πρόσταγμα·

11 2376 25 2445 ’,
58 2359 262 2446 λοτρέβλωσαυ
277 2359 488 2446 Ἀντιφῶντα
505 2363 559 2426 καλ
577 2355 771 2427 ἀπέκτειναν
791 2354 885 2427 σότοι
900 2368 940 2449 τῇ
957 2369 1014 2447 τῆς
1031 2368 1111 2444 βου-

22 2543 26 2550 ἡ
56 2461 101 2548 λῆς
127 2462 300 2549 ἀποφάσει
326 2462 538 2541 πεισθέντες·
574 2463 721 2548 ἐξέβαλες
748 2462 788 2528 σὺ
807 2457 958 2545 Ἀρχῖνον
989 2463 1024 2530 ἐκ
1051 2471 1111 2550 τῆς

11 2603 14 2626 τ
56 2562 166 2653 πόλεως
196 2563 254 2632 έπὶ
283 2566 449 2651 προδοσίᾳ
482 2562 565 2632 κατά
593 2562 652 2643 τάς
682 2571 740 2652 τῆς
768 2568 891 2653 βουλῆς
920 2560 1110 2652 άποφάσεις

11 2686 19 2760 χ
55 2663 97 2730 καὶ
115 2671 285 2751 τιμωρίας.
322 2665 405 2732 κατὰ
421 2666 457 2733 δέ
473 2673 596 2731 σαυτοῦ
618 2665 671 2731 καὶ
690 2673 793 2730 ταῦτα
806 2665 939 2749 γράψας
955 2663 1055 2746 αὐτὸς
1070 2667 1109 2732 τό

14 2802 20 2840 ι
55 2767 198 2854 ψήφισμα
221 2767 374 2852 άκυροῖς,·
406 2770 459 2834 καλ
482 2775 550 2834 ποῦ
572 2776 677 2833 ταῦτα
699 2768 809 2833 δίκαια
831 2761 852 2857 ἢ
874 2766 999 2850 νόμιμά
1021 2768 1109 2853 ἔστι,·

15 2888 23 2961 J,
123 2869 346 2957 Μαρτόρομαι
369 2870 428 2948 τάς
450 2870 571 2952 σεμνὰς
590 2870 683 2949 θεάς,
708 2866 823 2955 άνδρες
841 2866 1031 2956 Ἀθηναῖοι,
1055 2875 1139 2940 nale

54 2968 98 3037 τόν
111 2965 215 3040 τόπον
231 2970 268 3038 ὃν
285 2971 406 3040 έκεῖυαι
420 2977 601 3055 κατέχουσι,
625 2972 679 3038 καὶ
699 2973 778 3051 τούς
794 2969 904 3061 ἥρωας
919 2974 995 3052 τσὺς
1011 2974 1109 3059 ἐγχω-

11 3112 15 3140 v
53 3069 145 3158 ρλους,
174 3075 229 3142 καὶ
255 3075 314 3162 τὴν
333 3075 481 3161 Ἀθηνᾶν
504 3075 564 3162 τὴν
587 3075 782 3155 Πολιάδα,
817 3077 870 3141 καὶ
894 3074 970 3155 τοός
992 3074 1111 3156 άλλοος

52 3177 139 3257 θεοὺς
167 3181 201 3244 οἳ
229 3176 287 3267 τὴν
314 3177 423 3260 χώραν
447 3180 501 3245 καλ
524 3177 584 3265 τὴν
607 3174 706 3243 πόλιν
729 3173 821 3265 ἡμῶν
845 3174 1027 3265 εἰλήχασιν,
1058 3175 1111 3247 ότι

51 3281 98 3344 τοῦ
125 3279 230 3368 δήμου
260 3278 534 3361 παραδεδωκότος
563 3275 641 3362 όμῖν
663 3278 924 3368 τιμωρήσασθαι
945 3280 1001 3347 τὸν
1026 3280 1110 3367 εἷλη·

48 3397 240 3412 ψ

11 3470 16 3489 ¹
106 3448 147 3512 61,
166 3453 182 3503 2
204 3452 359 3520 προτέρωσε
385 3465 447 3503 corr.
466 3448 581 3514 Scaliger
597 3477 633 3488 -
650 3445 861 3518 ἀποφαθέντων
877 3451 900 3502 A
918 3466 965 3516 pr„
983 3465 1047 3505 corr.
1064 3451 1108 3505 Αἱ.

13 3552 16 3559 v
46 3538 76 3553 “
96 3519 109 3570 3
132 3514 242 3570 δικαίαν
264 3517 402 3572 Maetzner.
424 3547 457 3555 —
480 3521 496 3570 4
520 3519 622 3582 ζημίαν
643 3517 666 3568 A
689 3534 740 3584 pr„
764 3513 879 3581 ζήτησιν
894 3519 930 3570 A¹
952 3547 984 3556 -
1006 3516 1042 3570 τὰ
1059 3519 1109 3572 del.

45 3576 150 3652 Dobree,
174 3585 220 3638 sed
244 3585 277 3638 cs.
294 3585 371 3638 Ιεοοτ.
389 3585 440 3648 Vll,
459 3587 500 3649 36,
518 3589 559 3637 44.
581 3612 617 3625 -
639 3589 653 3636 Ἰ
677 3586 777 3637 σαυτοῦ
795 3585 838 3638 Αι.
857 3615 887 3624 -
908 3589 923 3639 8
941 3582 992 3652 τὴν
1010 3588 1110 3654 ζημίαν

45 3645 135 3709 Wurm.
154 3682 186 3693 -
205 3657 221 3707 9
239 3645 269 3703 τ’
287 3654 329 3706 hic
346 3653 404 3706 add.
423 3653 504 3717 Βλαεε,
546 3658 588 3705 ost
605 3650 655 3704 ἐὰν
673 3652 809 3717 Μσεῑτοετ,
834 3669 884 3706 om.
902 3660 920 3707 t.
938 3683 972 3692 —
991 3658 1023 3708 10
1041 3653 1110 3721 εἱλη-

11 3714 14 3767 !
43 3715 104 3784 σότι
120 3721 180 3774 τῶν
197 3721 220 3773 N
238 3738 289 3787 pr„
314 3737 377 3774 corr.
395 3720 439 3773 N2.
458 3749 489 3760 -
508 3669 552 3785 θλ,
572 3726 588 3775 4
611 3718 762 3790 πατρῴσιεε
789 3736 853 3774 corr.
872 3722 950 3774 Wolf.
967 3751 1002 3760 —-
1020 3726 1034 3774 5
1054 3724 1110 3774 ἐνι-

40 3794 162 3861 χιιρησαε
179 3789 225 3841 NA
237 3805 284 3856 pr„
302 3791 327 3842 in
340 3789 363 3840 A
374 3805 460 3842 rasura
474 3804 537 3841 corr.
554 3818 589 3827 -
605 3793 622 3840 .7
641 3786 691 3840 σόν
707 3805 783 3857 supra
796 3805 898 3842 versum
917 3790 960 3846 N¹.
978 3819 1011 3828 —
1029 3791 1076 3854 63,
1095 3796 1110 3846 5

40 3853 87 3911 τελε
108 3873 137 3911 nu
157 3872 184 3908 ra
208 3872 310 3910 versum
333 3857 376 3909 N¹.
401 3887 431 3895 -
458 3858 551 3908 Ἱδστι
568 3856 629 3922 AN,
653 3858 744 3920 δστιν;
766 3863 784 3910 t.
808 3887 841 3896 —
864 3857 944 3922 64‚3
967 3856 1110 3914 πολιτέδαι

40 3936 101 3980 θοῐσ.
154 3925 198 3977 olf.
222 3953 256 3963 -
280 3930 296 3979 4
317 3921 369 3989 τὴν
390 3919 473 3977 πόλιν
497 3929 543 3976 καὶ
565 3922 619 3992 τὴν
640 3922 734 3994 χώραν
756 3925 779 3976 Ν
803 3955 837 3965 -
861 3921 905 3979 ότι
929 3927 978 3980 del.
998 3927 1112 3998 Sauppe.

37 4015 70 4036 κ
90 3999 105 4049 5
122 3989 297 4064 τιμωρήσατε
314 3994 370 4060 (εἰσ)
387 3991 431 4060 N²‚
448 3991 647 4064 τιμωρήσασθε
665 3994 775 4061 Sauppe.

871 4079 907 4114 σε
