2324 4410
328 297 331 301 ·
371 264 455 317 ΚΑΤΑ
473 263 691 316 ΦΙΑΟΚΛΕΟΥΣ.
1026 261 1064 321 47

13 422 24 487 ἶ
47 429 131 497 θεοὶ
154 432 319 516 φανεροὺς
342 429 418 513 ὗμῖν
442 432 640 520 ποιήσαντες
663 432 853 515 παρέδοσαν
881 430 1069 519 τιμωρήσα-

10 533 93 609 ῐθαι,
118 533 299 614 ἑωρακότες
315 533 372 598 τόν
396 535 498 622 δήμου
522 529 654 599 ἅπαντα
676 533 854 622 κατήγορον
877 533 996 598 τούτου
1018 559 1068 618 γε·

10 641 171 718 νενημένον
194 635 249 700 καὶ
272 633 541 718 προκεχειρικότα
563 637 697 718 πρῶτον
720 637 785 701 τῶν
810 632 916 701 ἄλλων
940 633 998 700 ἐπὶ
1021 637 1068 720 τῷ

10 731 60 817 τήν
82 726 242 817 τιμωρίαν
266 735 298 801 ἐν
321 731 398 816 ὑμῖν
422 738 545 800 δοῦναι.
569 754 571 758 ’

82 832 175 901 Ἀλλ’
201 839 312 921 ἐγωγε,
338 837 375 923 νή
398 838 456 901 τόν
478 841 547 902 Δία
568 834 625 901 τόν
649 839 796 921 σωτῆρα,
821 836 1015 917 αἰσχύνομαι
1039 836 1120 911 εἰ15

12 943 251 1020 προτραπέντας
287 933 371 1017 ὑμᾶς
408 940 458 1003 δεῖ
491 938 546 1003 καὶ
575 938 846 1021 παροξυνθέντας
880 932 939 1020 ὑφ’
975 935 1067 1020 ἡμῶν

18 1035 62 1104 ἐπὶ
75 1040 128 1122 τήν
143 1043 202 1106 τοῦ
219 1043 273 1105 νόν
298 1040 610 1126 εἰσεληλυθότος
631 1038 690 1126 τήν
713 1046 819 1121 κρίσιν
838 1037 998 1121 τιμωρίαν
1016 1040 1068 1106 ἐλ-

19 1148 88 1207 θεῖν.
116 1145 189 1221 [καὶ]
206 1136 263 1206 οόκ
279 1136 444 1207 αότόπται
460 1141 532 1209 ἐστὲ
549 1151 613 1206 τών
630 1137 697 1206 ὑπὸ
715 1141 833 1206 τούτου
849 1147 1067 1226 γεγενημένων

22 1237 226 1328 &osupum
260 1245 312 1308 καὶ
342 1238 359 1307 ό
389 1244 447 1325 μὲν
478 1245 579 1326 δῆμος
610 1239 699 1320 όίπας
723 1237 796 1307 σεῖς’
822 1239 969 1326 ἀσφαλὲς
993 1237 1067 1309 οότε

22 1347 125 1410 δίκαιον
141 1344 282 1427 νομίζων
305 1339 388 1410 εἶναι
410 1345 718 1427 παρακαταθέσθαι
745 1343 822 1421 τοός
845 1345 962 1410 ἑαυτοῦ
986 1355 1068 1410 παῖ-

23 1447 65 1522 δας
85 1441 373 1530 ἀπεχειροτόνησεν
398 1441 496 1512 αὐτόν
519 1440 589 1511 ἇπδ
613 1454 671 1530 τῆς
694 1454 758 1512 τών
789 1445 920 1531 ἐφήβων
952 1446 1067 1528 ἐπιμε-

21 1547 105 1624 λείας·
138 1544 230 1627 δμεῖς
253 1549 289 1612 δὲ
312 1548 344 1613 οἱ
366 1551 425 1635 τής
448 1550 668 1635 δημοκρατίας
697 1548 753 1614 καί
780 1556 846 1613 τῶν
871 1548 979 1629 νόμων
1003 1548 1066 1635 φό-
1079 1563 1120 1624 16

21 1650 102 1727 λακες,
126 1646 188 1727 οἷς
210 1648 230 1735 ή
253 1650 330 1735 τόχη
354 1656 408 1715 καὶ
432 1646 450 1715 ὁ
473 1650 590 1734 κλῆρος
612 1646 695 1731 ὑπὲρ
721 1651 813 1737 (τοῦ)
837 1651 940 1738 δήμου
963 1651 1068 1730 [δικά-

20 1757 126 1831 σοντας]
148 1752 320 1835 ἐπέτρεψε,
345 1759 507 1837 φείσεσθε
528 1756 587 1818 τοῦ
608 1755 745 1818 τοιαῦτα
763 1752 1065 1836 διαπεπραγμένου,

18 1856 56 1917 καὶ
82 1855 118 1920 τό
147 1855 251 1936 πέρας
274 1855 401 1936 ἐχοντες
425 1850 580 1920 ἁπάντων
603 1859 667 1919 τών
691 1855 723 1920 ἐν
745 1857 785 1939 τῇ
809 1854 908 1919 πόλει
931 1857 1065 1921 δικαίων

18 1952 202 2042 όιιμώρητον
227 1956 371 2042 ἀφήσετε
392 1957 448 2021 τόν
473 1953 657 2039 δωροδόκον
686 1954 741 2022 καί
769 1957 903 2022 πάντων
925 1964 990 2022 τών
1013 1982 1067 2041 γε·

15 2066 177 2144 γενημένων
200 2062 305 2124 κακοῦν
329 2059 446 2142 α’ίτιον,
471 2055 507 2135 ὅς
529 2096 570 2148 -Ι
594 2055 675 2142 ὅπερ
698 2056 753 2124 καὶ
775 2066 880 2143 μικρῷ
902 2060 1065 2143 πρότερον

16 2152 94 2225 εἶπον
122 2199 162 2208 -
192 2160 292 2243 μόνος
322 2164 386 2226 τῶν
415 2163 567 2245 πονηρῶν
597 2161 730 2226 πάντων
759 2167 846 2245 τρίς,
878 2155 934 2243 οόχ
964 2157 1064 2241 ἅπαξ,

16 2257 253 2346 ἀποπέφανται,
290 2262 345 2328 καὶ
373 2264 444 2347 τρὶς
473 2260 533 2350 ἤδη
564 2264 697 2340 δικαίως
712 2285 738 2327 ’κ
764 2289 780 2326 ιε
807 2288 823 2326 κ
848 2263 1066 2346 ἐζημιωμένος

16 2364 136 2451 θανάτῳ
158 2362 240 2429 κατὰ
262 2362 300 2428 τό
324 2363 443 2430 ἑαυτοῦ
465 2364 635 2453 ψήφισμα.
680 2372 713 2432 τί
735 2353 791 2429 σόν
815 2357 1014 2450 ἀναμενεῖτε,
1039 2355 1118 2436 ώ17

13 2456 193 2550 Ἀθηναῖοις
222 2467 273 2530 καὶ
298 2470 382 2530 ποῖα
405 2462 592 2549 ἀδικήματα
616 2465 739 2549 ζητεῖτε
763 2466 857 2548 ἕτερα
879 2467 978 2547 μείζω
1000 2471 1066 2533 τῶν

15 2563 177 2652 εἰρημένων
201 2565 338 2632 ἀκοῦσαι
345 2596 356 2649 ,·
388 2561 444 2649 οὐχ
466 2563 559 2647 ὑμεῖς
582 2568 654 2634 ἐστε
676 2569 729 2633 καὶ
753 2568 786 2632 οἱ
809 2564 960 2652 ὑμέτεροι
981 2568 1067 2654 πρό-

13 2690 91 2747 γονοι
113 2670 145 2734 οἱ
170 2673 328 2753 Τιμοθέῳ
351 2669 611 2756 Πελοπόννησον
634 2669 895 2752 περιπλεύσαντι
923 2669 978 2735 καὶ
1005 2668 1064 2757 τήν

13 2767 38 2832 ἐν
58 2771 205 2859 Κερκύρᾳ
228 2778 408 2852 ναυμαχίαν
425 2773 713 2853 Λακεδαιμονίους
737 2770 905 2859 νικήσαντι
926 2774 978 2838 καί
996 2772 1065 2836 Κό-

11 2895 101 2950 νωνος
123 2875 188 2939 υἱεῖ
209 2872 303 2959 (τοῦ)
325 2873 402 2950 τούς
417 2868 575 2959 Ἕλληνας
591 2873 907 2957 ἐλευθερώσαντος
929 2875 981 2940 καί
998 2873 1065 2938 Σό-

67 3047 81 3096 8
99 3040 253 3112 ἑωρακότας
271 3042 422 3109 Stephanus.
441 3072 474 3081 -
492 3046 507 3095 9
526 3037 750 3114 προκεχωρηκότα
768 3043 813 3095 ΝΑ
826 3059 874 3110 pn:
893 3045 918 3095 in
936 3044 958 3095 A
976 3058 1064 3096 rasura

10 3118 138 3163 correctum
157 3140 190 3148 —
207 3113 252 3161 ἐπὶ
270 3107 302 3162 τὸ
323 3111 353 3174 N,
371 3111 434 3162 cuc
452 3125 477 3176 p.
491 3114 514 3163 9.
534 3140 566 3148 -
584 3112 626 3174 15,
647 3107 736 3163 ἳδιῖυ
754 3110 800 3162 NA
815 3129 866 3179 ραι
887 3131 904 3164 ν
922 3127 1019 3164 erasum
1038 3113 1064 3162 iu

10 3174 29 3239 A,
47 3181 254 3249 προτραπέντας
271 3174 329 3230 δεῖν
347 3177 442 3248 παροξ.
461 3180 483 3229 A
500 3194 536 3245 pr.
556 3181 657 3231 omissis
681 3184 707 3231 et
728 3173 797 3245 ὑμᾶς
819 3185 845 3231 et
866 3183 923 3244 καὶ,
948 3196 1011 3232 corr.
1030 3180 1065 3230 A¹

10 3269 31 3280 -
50 3244 127 3314 ὑμῶν
145 3247 190 3297 NA
202 3261 248 3311 pn,
266 3247 382 3298 corr.A¹.
402 3275 433 3283 —
452 3247 466 3297 3
487 3247 532 3298 ἐπὶ
549 3248 598 3298 τοῦ
615 3249 699 3313 Apr.,
718 3248 763 3298 ἐπὶ
780 3244 831 3312 τήν
848 3247 883 3298 A¹
901 3276 933 3285 —
951 3243 1065 3298 ἐκλελοι-

10 3310 79 3367 ιότος
92 3315 162 3366 ANt:
184 3329 247 3364 corr.
261 3313 344 3379 BIass,
365 3310 571 3378 εἰσεληλυθότος
585 3312 645 3381 [τήν
657 3319 756 3385 κρίσιν]
772 3315 909 3382 aliquando
925 3316 955 3367 ci.
970 3314 1064 3367 Muctu-

10 3393 50 3447 ιον,
68 3378 231 3446 ἐληλυθότος
249 3382 274 3432 ἐς
291 3379 342 3445 τὴν
359 3401 399 3451 κρ.
419 3381 529 3448 Sauppe.
547 3412 580 3422 —
598 3385 677 3447 ίκαὶ
697 3383 746 3435 del.
760 3382 852 3448 Baiter,
870 3398 935 3436 serv.
953 3391 964 3434 t
981 3411 1016 3422 -
1033 3376 1064 3434 οὗ

10 3451 132 3504 ῑατόπται
150 3450 180 3501 Ν.
204 3479 237 3486 -
262 3441 486 3514 δόδικημάτων·
505 3456 524 3502 t.
548 3479 581 3488 -
606 3455 621 3504 6
645 3447 752 3502 δίκαιόν
770 3453 828 3502 ἐστι
846 3453 967 3517 νομίζων
985 3451 1007 3500 A
1024 3465 1063 3516 pr.

10 3514 76 3586 ἐρα,
94 3521 152 3569 ἐστι
170 3519 195 3568 in
211 3522 320 3584 utroque
335 3522 450 3569 erasum.'
461 3546 493 3554 —
510 3517 582 3578 16,2
600 3512 645 3570 οῖς
662 3518 731 3570 ANt:
752 3535 814 3571 corr.
825 3518 917 3571 Reiske
934 3546 968 3556 -
985 3521 1030 3569 καὶ
1048 3513 1063 3570 ὁ

10 3583 79 3654 ’ἢμσς
93 3583 161 3655 ὑπὲρ
176 3581 272 3652 κλήρου
286 3586 363 3652 Apu,
379 3601 442 3637 corr.
453 3584 495 3651 A¹,
510 3586 558 3636 τοῦ
571 3585 628 3637 εδδ.
638 3587 673 3636 A²
686 3615 720 3625 -
734 3581 896 3639 δικάσοντας
909 3586 958 3638 del.
965 3585 1064 3650 Wurm,

12 3654 30 3707 f.
48 3654 153 3722 Lys.11‚
171 3655 215 3711 79,
237 3667 301 3704 serv.
321 3659 343 3716 t,
361 3650 399 3704 οἷς
416 3691 489 3706 .....
509 3649 619 3704 δικάσαι
637 3654 748 3721 Sauppe,
766 3648 810 3706 σός
903 3650 1064 3706 δικάσοντας

11 3728 128 3787 πέστησε
147 3720 247 3783 Βείςλιε,
266 3720 297 3771 ολ
312 3722 402 3772 Aesch.
418 3721 436 3785 Ι,
451 3725 475 3774 7.
493 3751 526 3759 -
544 3725 559 3774 3
577 3722 728 3791 ἐπέτρεψεν
745 3721 767 3771 Ν
787 3751 818 3759 -
838 3720 1004 3791 φείσασθεΑ
1015 3737 1063 3788 pr.,

13 3808 61 3844 οτς.
80 3791 121 3842 A¹.
144 3818 177 3827 —
200 3791 217 3839 4
234 3788 293 3838 τοῖν
310 3789 340 3838 έν
357 3788 392 3858 τῇ
410 3807 438 3840 π.
458 3785 592 3841 ἁπάντων
609 3791 651 3840 At.
672 3819 707 3829 —
730 3792 744 3842 8
763 3784 814 3840 κᾶν
830 3793 887 3859 τρὶς
910 3789 1012 3857 Sauppe
1030 3819 1063 3827 —

10 3875 113 3911 aeunam
131 3856 262 3908 Reiskium
281 3861 383 3908 secutus
400 3857 526 3923 indicavi,
548 3857 613 3908 adde
632 3854 666 3909 ἂν
683 3853 809 3910 ἀπώλετο
832 3858 874 3908 vel
893 3858 975 3909 simile
993 3858 1062 3925 quid.

10 3958 27 3965 -
49 3931 64 3980 9
83 3923 165 3978 αὐτοῦ
183 3926 214 3991 Α,
231 3918 314 3974 αὑτοῦ
332 3930 350 3975 ί.
374 3953 408 3961 -
430 3927 504 3988 lua
528 3917 575 3988 οόχ
591 3920 665 3992 ὑμεῖς
744 3927 783 3990 18,
802 3928 818 3976 4
839 3921 919 3992 ὐμῶν
936 3926 969 3978 εί.
987 3926 1004 3992 l,
1024 3929 1063 3980 14.

10 4026 29 4033 -
49 3998 64 4047 6
81 3997 129 4045 τοῦ
148 3993 205 4047 add.
223 3991 258 4044 A²
274 4021 308 4030 —
326 3988 544 4066 ἐλευθερώσαντι
562 3992 606 4044 NA
625 4009 671 4060 pr„
689 4009 752 4045 corr.
771 3992 814 4046 ΑΞ.
