2324 4410
314 256 398 308 ΚΑΤΑ
415 255 699 309 ΑΡΙΣΤΟΓΕΙΤΟΝΟΣ.
826 260 829 269 ’
1007 255 1045 317 37
1090 302 1094 310 .

13 451 49 490 ων
72 422 152 488 κατά
179 430 246 489 ταῖν
269 420 336 489 ύπὸ
358 432 418 510 τής
438 423 559 510 βουλῆς
582 421 886 510 ἀποπεφασμένων.
930 424 964 492 τί
985 427 1083 511 γάρθ

13 527 124 612 ἠνοεῖτε
147 519 195 592 δι’
214 522 232 589 δ
256 527 373 593 δεῖσθε
396 526 500 611 λόγων
523 521 651 592 ἀκούειν
675 525 757 592 κατά
779 534 839 592 τού
861 530 917 593 νύν
940 552 1049 611 κρινο-

13 633 95 708 ιένου,·
116 623 238 711 πότερ’
261 623 281 712 ή
304 635 361 715 της
382 630 505 714 βουλῆς
526 625 711 714 ἀπόφασις,
736 628 791 694 ἐὰν
813 629 873 711 μὲν
895 625 991 716 ἡμεῖς
1014 630 1048 696 οἱ

13 730 152 814 ατήγοροι
176 729 253 797 δέκα
276 727 367 807 όντες
386 729 424 795 τό
442 726 529 814 ύδωρ
546 725 767 814 ἀναλώσωμεν
784 726 874 797 ἀπαν
897 730 952 797 καὶ
967 730 1049 798 ἀνα-

13 831 150 920 ὀήσωμεν
189 829 235 909 ως
272 831 378 898 δεινόν
415 830 504 898 ἐστιν
533 826 700 918 ἀφεῖσθαι
728 830 805 912 τούς
835 833 1048 918 εἰλημμένους

13 940 112 1020 ’χοντας
135 931 194 1001 ἐπ’
219 932 404 1020 αὐτοφώρῳ
429 935 518 1017 δῶρα
539 935 620 1001 κατά
642 943 699 1020 τῆς
721 936 892 1018 πατρίδος,
918 932 1048 1024 ἀληθής

15 1042 38 1104 αὶ
58 1035 167 1103 δικαία
189 1032 209 1121 ή
232 1034 316 1102 κατά
336 1033 616 1120 Ἀριστογείτονος
641 1038 734 1103 ἔσται
756 1031 966 1125 [ἀπόφασις],
991 1036 1083 1104 ύάνῖ

13 1140 25 1190 λ’
44 1140 174 1216 ἕκαστος
196 1134 304 1226 ήμῶν,
334 1134 378 1216 ἀς
408 1137 543 1205 εἰδότων
573 1137 663 1223 ὑμῶν
692 1138 802 1205 πάντα
831 1138 926 1207 οὐδέν
948 1134 1048 1226 ήττον

13 1241 72 1325 Ῑμιύν
94 1239 136 1307 τά
159 1242 270 1306 δίκαια
293 1243 369 1324 περὶ
392 1241 532 1308 τουτωνὶ
554 1243 617 1307 τῶν
641 1235 784 1326 ἀγώνων,
806 1247 928 1326 βραχέα
945 1241 1048 1308 εἲπιύν

15 1345 112 1429 αταβῇ,
134 1342 139 1427 Ι
159 1343 294 1430 ψευδής,
317 1344 370 1408 καὶ
392 1339 439 1408 οὗ
463 1344 638 1421 δικαίως
660 1343 752 1427 παρὰ
767 1346 832 1408 τῶν
851 1341 1048 1429 Ἀρεοπαγι-
1058 1355 1100 1407 106

13 1448 49 1511 ἀν
69 1450 257 1530 γεγενημένη
265 1473 276 1526 ,·
299 1437 319 1528 ἢ
341 1442 380 1509 τά
404 1445 493 1528 δῶρα
516 1442 693 1529 λαμβάνειν
717 1445 773 1511 ἐπὶ
796 1446 963 1531 προδοσίᾳ
984 1447 1049 1510 τῶν

13 1550 44 1631 οἷς
67 1545 196 1624 πόλεως
226 1542 461 1631 συμφερόντων
490 1544 548 1613 ούκ
576 1541 654 1612 ἴσθ’
681 1543 733 1612 ότι
762 1554 828 1612 τῶν
852 1545 1049 1614 δεινοτάτων

14 1651 55 1714 στὶ
75 1653 128 1716 καὶ
151 1651 216 1714 τῶν
239 1650 379 1714 πλεῖστα
403 1650 483 1715 κακὰ
506 1649 564 1727 τάς
587 1649 703 1727 πόλεις
726 1649 968 1735 ἒργαζομένων,·

66 1747 158 1815 Ἀλλ’
184 1745 283 1829 αύτός
306 1747 324 1815 ὁ
347 1751 535 1835 κρινόμενος
558 1751 596 1839 νή
610 1757 678 1817 Δία
693 1757 825 1836 μέτριος
840 1752 897 1818 τὸν
913 1750 1049 1835 τρόπον,
1068 1753 1087 1817 8

13 1851 43 1918 αἱ
61 1853 229 1938 προγόνων
252 1856 409 1940 χρηστῶν,
432 1855 485 1918 καὶ
508 1853 617 1919 πολλὰ
639 1848 724 1935 ἀμάς
746 1852 801 1918 καὶ
824 1852 893 1939 ἰδίᾳ
916 1852 971 1919 καὶ
994 1853 1073 1938 δη-·

13 1961 85 2040 ιοσίφ
107 1955 190 2021 καλὰ
209 1955 428 2041 εἰργασμένος,
452 1951 537 2022 ὥστε
554 1954 609 2021 διὰ
624 1950 715 2020 τοῦτ’
735 1952 827 2034 ἀξιόν
844 1954 933 2021 ἐστιν
950 1949 1050 2020 αύτού

13 2063 191 2140 velamant,-
213 2057 269 2123 καὶ
289 2064 340 2136 τίς
361 2054 451 2141 ύμῶν
475 2056 513 2125 ού
535 2051 852 2144 πολλάκιςάκήκοεν
877 2053 929 2122 ὅτι
950 2057 1051 2122 Κυδι-

13 2157 88 2241 ιάχου
110 2162 169 2243 μὲν
192 2163 249 2226 τού
272 2160 400 2244 πατρὸς
416 2169 474 2227 τού
487 2159 770 2247 Ἀριστογείτονος
785 2157 936 2227 θανάτου
952 2185 1052 2226 κατα-

13 2268 191 2341 νωσθέντος
211 2265 265 2329 καὶ
289 2262 451 2349 φυγόντος
474 2263 508 2330 ἐκ
527 2263 646 2351 ταύτης
661 2271 718 2348 τῆς
733 2263 864 2341 πόλεως
880 2261 897 2328 ό
911 2260 1053 2348 χρηστάς

14 2356 81 2443 ύτος
109 2365 181 2443 υἱὸς
208 2367 355 2450 περιεῖδε
383 2364 441 2432 τὸν
472 2362 572 2434 αύτού
603 2373 733 2452 πατέρα
768 2371 823 2434 καὶ
852 2365 957 2446 ζῶντα
987 2368 1052 2432 τῶν

13 2475 168 2552 ναγκαίων
191 2468 394 2548 σπανίζοντα
424 2467 480 2534 καὶ
501 2467 740 2554 τελευτήσαντα
763 2466 801 2535 ού
825 2467 964 2551 τυχόντα
986 2469 1051 2532 τῶν

13 2577 141 2652 ομέμων,
164 2565 249 2653 άπερ
271 2567 373 2634 αύτού
394 2568 556 2648 πολλάκις
577 2573 871 2653 κατεμαρτυρεῖτο·
895 2564 994 2636 αύτὸν
1017 2568 1089 2634 δὲ9

13 2674 116 2752 ούτον,
147 2668 196 2736 ὅτ’
223 2672 270 2749 εἷς
299 2669 338 2737 τό
368 2671 590 2761 δεσμωτήριον
619 2669 657 2737 τδ
686 2675 819 2754 πρῶτον
849 2670 988 2756 ἀπήχθη
1011 2708 1054 2718 -

13 2772 145 2852 πολλάκις
166 2775 227 2859 γὰρ
250 2775 323 2841 ἰ’στε
344 2777 442 2840 τοῦτο
466 2773 575 2860 δήπου
602 2771 812 2860 γεγενημένον
834 2808 890 2853 -,
914 2774 1054 2838 τοιαάτα

13 2874 194 2964 ολμήσαντα
223 2886 335 2942 ποιεῖν
364 2873 500 2954 αύτοῦ,
536 2870 617 2943 ὥστ’
649 2874 792 2952 ἐκείνους
827 2869 1053 2961 ἀποψηφίσα-
1077 2902 1079 2906 ’

13 2982 71 3043 θαι
103 2977 186 3064 μήτε
219 2986 286 3063 πύρ
322 2975 447 3045 ἐναύειν
479 2978 586 3064 τούτῳ
617 2976 699 3068 μήτε
732 2987 900 3043 συσσιτεῖν
929 2978 1054 3063 μηδένα

54 3152 68 3201 9
87 3144 157 3198 κατὰ
174 3148 219 3199 ΝΑ
232 3165 279 3214 φα,
297 3150 326 3199 ἐκ
338 3147 385 3200 A²t
402 3178 435 3188 —
452 3144 507 3200 ὑπὸ
520 3164 595 3216 supra
608 3164 710 3201 versum
721 3148 757 3199 δ’
773 3177 808 3186 -
824 3146 1056 3215 ἀποποφασμένου

26 3231 70 3281 με,
90 3231 153 3267 corr.
173 3217 215 3280 Αἱ,
233 3219 259 3268 in
278 3217 350 3269 libris
386 3223 427 3269 ost
444 3211 563 3285 ἀποπεφ.
583 3220 734 3284 sequuntur:
757 3211 775 3266 ἀ
793 3211 839 3267 διὰ
856 3212 917 3266 τοδε
933 3215 982 3266 τοῦ
999 3233 1058 3296 κρι-

13 3286 98 3348 ιμένου
116 3280 270 3354 προγόνους
291 3288 337 3336 καῖ
359 3232 414 3350 (διὰ
432 3283 489 3336 αδδ.
508 3284 542 3350 N)
567 3282 618 3349 τὴν
639 3279 722 3336 αύτού
745 3280 922 3353 μετριότητα,
949 3286 994 3334 καῖ
1011 3278 1057 3334 δτι

13 3351 52 3401 ιᾶε
69 3347 154 3403 πολλῖ
175 3349 262 3411 λπολλ.
275 3347 319 3417 ύμ.
332 3353 365 3418 Ν)
383 3356 429 3404 καὶ
441 3348 498 3417 ἰδίη
515 3356 561 3404 καὶ
577 3348 693 3418 δημοσία
704 3347 796 3423 ἀγαθέ
811 3350 958 3422 εἴργασται,
977 3346 1058 3411 ἀξιον

13 3434 70 3470 στιν
91 3421 148 3472 add.
167 3419 199 3485 N)
223 3417 307 3472 αὐτοῦ
331 3419 500 3489 φεῖσασδαις
528 3436 593 3488 quae
614 3421 692 3473 verba
711 3421 761 3472 del.
778 3418 893 3485 BekIoer,
920 3419 977 3470 coll.
996 3419 1012 3486 ς
1031 3420 1056 3470 8.

13 3555 63 3617 -6,
82 3557 99 3605 4
118 3548 386 3622 ἀναλώσομτνΑρι.,
406 3534 469 3608 coh.
479 3556 521 3607 A1.
540 3585 573 3593 —
593 3550 754 3624 5ἀφοῖσδαι
765 3524 823 3607 ἑσδὶ
835 3556 865 3607 N.
884 3584 915 3591 -
936 3558 950 3605 ῖ
969 3549 1031 3605 κατ’
1047 3558 1058 3604 t

13 3625 115 3673 1ἔσται
137 3630 197 3686 post
215 3619 309 3674 δικαία
331 3625 390 3677 coll.
408 3623 438 3675 N.
465 3653 497 3661 -
521 3625 545 3688 ῖ,
565 3629 576 3676 1
602 3618 740 3692 ἀπόφασις
757 3623 806 3675 del.
824 3622 965 3686 Μυελτυεε,
990 3636 1058 3673 serv.

22 3719 55 3727 —
75 3693 90 3741 3
108 3685 194 3742 ούδεῖε
213 3686 248 3741 άε
265 3691 311 3742 ΝΑ
329 3708 379 3758 μα,
403 3697 462 3743 ante
487 3685 522 3743 ούε
544 3693 569 3742 in
593 3693 705 3758 margine
727 3689 813 3756 ταύτη
837 3687 975 3742 πιστεύσει
999 3688 1058 3741 αδδ.

13 3758 28 3824 ²,
49 3758 86 3809 sic
107 3763 129 3808 t:
149 3774 213 3811 corr.
222 3758 288 3824 Hug‚
306 3753 353 3826 (ού
366 3756 494 3828 δικαίως)
511 3755 574 3811 ούδδ
588 3759 653 3812 ἴσως
665 3759 747 3814 Blae&
765 3744 805 3798 -⁵
817 3762 832 3810 5
844 3760 1029 3877 ,γεγενημένης
1047 3762 1058 3807 t

13 3823 69 3877 -τὸ
87 3841 161 3892 supra
181 3842 282 3878 versum
301 3827 358 3879 add.
377 3828 420 3880 λ’.
437 3858 470 3866 -
489 3829 515 3891 8,
534 3831 549 3880 2
570 3821 640 3894 ήμιῗε
657 3830 687 3881 Α.
705 3857 738 3866 -
757 3830 771 3879 3
790 3819 842 3897 ι’γα
867 3824 967 3894 ἀεῖργ.
1006 3826 1060 3876 lass

13 3911 16 3944 ;
36 3894 51 3960 ᾗ
71 3896 85 3946 6
103 3922 137 3931 -
154 3889 195 3944 διί
217 3891 299 3946 ταῦτ’
312 3894 395 3947 ΒΙαεο.
413 3926 446 3934 -
465 3896 805 3961 4κα1τοιτῖτΒοεειώοες
823 3923 855 3932 —
874 3888 917 3945 ότι
929 3892 977 3944 τού
990 3887 1060 3944 Κυδ.

13 3990 67 4009 ,-
86 3966 101 4014 5
119 3956 284 4048 ἄριστα...
301 3963 383 4028 Αρτ..
396 3981 459 4019 corr.
472 3964 514 4017 A¹.
532 3993 565 4003 -
584 3958 696 4016 ῖαύτού
708 3963 740 4017 Ν.
756 3992 791 4002 -
808 3962 835 4028 9,
848 3964 863 4016 3
877 3958 963 4028 δήπου
976 3961 1060 4014 τοῦτο

13 4067 16 4080 .
35 4057 67 4066 -
86 4033 104 4082 4
121 4028 230 4082 amobe:
250 4045 313 4082 corr.
332 4029 430 4087 Wurm.
700 4038 703 4043 “
